2148 3110
296 159 351 187 104
786 154 943 180 ABBONIS
963 153 1078 180 BELLA
1100 154 1314 180 PARISIACAE
1334 153 1450 179 URBIS.

657 241 740 272 Hinc
765 242 833 272 eius
857 242 960 272 socios
983 244 1068 272 retro
1093 241 1199 272 statim
1223 240 1396 272 redeuntes
1685 241 1736 266 886

659 293 798 324 Ferreus
821 294 998 334 insequitur
1020 293 1120 323 hostis
1145 296 1215 334 post
1239 296 1331 334 terga
1355 292 1511 324 meando:

658 345 733 375 Plus
756 345 891 386 geminis
917 345 1013 375 etiam
1038 345 1142 385 leugis
1166 344 1309 375 interfuit
1332 345 1393 375 illis

656 397 768 428 Dictus
792 396 981 427 Adalelmus
1005 397 1128 437 superis
1152 396 1278 437 pridem
1303 406 1428 431 comes:
1453 396 1538 427 idem

575 461 613 479 κιο
659 447 749 486 ΑΕἰῑῑ,Ί
775 448 838 478 suis
862 448 963 489 inquit
988 448 1096 478 ‘satius
1120 458 1292 488 pergamus
1316 448 1347 478 in
1370 448 1451 483 illos,

660 499 763 534 Quam
788 509 845 529 nos
870 499 920 529 hic
943 499 988 529 illi
1012 497 1200 529 inveniant?
1235 498 1423 529 Adalehnus
1447 499 1508 530 hoc
1532 500 1648 540 inquit;

658 550 808 581 Pestiferi
832 551 955 591 petiere
981 550 1089 591 fugam
1114 551 1278 591 nostrique
1303 551 1483 591 tropheum.

659 602 756 633 Scuta
780 605 891 632 tonant
915 601 1068 643 dardique
1093 602 1211 641 volant,
1236 605 1269 632 et
1292 612 1426 643 corpora
1450 602 1577 633 Danum

659 653 806 684 Consulis
830 664 906 684 arva
931 657 1044 694 tegunt
1067 653 1174 694 gladio
1199 657 1356 694 regnante
1381 654 1552 684 Adalelmi.

579 719 616 737 κη
662 706 734 736 Non
759 706 877 736 dimisit
901 716 965 744 eos,
991 705 1093 736 donec
1117 705 1275 747 repedare
1301 706 1408 746 coegit

659 757 711 788 Ad
735 758 875 795 fluvium,
899 757 1034 799 posthac
1060 761 1092 788 et
1117 768 1215 788 ovans
1239 758 1404 799 victorque
1429 768 1587 789 reversus.

702 810 762 847 En,
788 814 820 840 et
843 809 992 840 Ainricus
1016 809 1139 851 superis
1164 809 1275 840 crebro
1301 810 1467 849 vocitatis,
1687 820 1717 838 κς,
1737 819 1793 841 Aug.

660 861 836 892 Obsidione
862 861 974 892 volens
999 861 1069 891 illos
1094 861 1226 899 vallare,
1250 864 1392 892 necatur.

660 913 760 954 Inque
785 923 858 943 suos
882 914 986 943 nitens
1010 912 1193 954 Sequanam
1217 913 1361 951 transire,
1387 912 1552 943 Danorum

580 978 617 996 »κο
661 964 735 995 Rex
760 965 862 995 Sinric
885 965 1021 1006 geminis
1044 965 1166 995 ratibus
1191 965 1306 1006 spretis
1329 965 1511 1006 penetravit

663 1016 742 1047 Cum
768 1017 860 1047 sociis
884 1020 1008 1047 ternam
1033 1016 1281 1058 quinquagenis;
1306 1017 1489 1057 patiturque

661 1068 873 1109 Naufragium
898 1068 1005 1099 medio
1029 1069 1115 1099 fluvii
1140 1068 1273 1099 fundum
1297 1069 1467 1109 petiturus,

664 1120 735 1156 Quo
760 1121 840 1159 fixit,
865 1121 1063 1162 comitesque
1088 1121 1192 1159 simul,
1217 1120 1356 1151 tentoria
1379 1120 1483 1150 morti.

662 1172 724 1203 Hic
749 1183 805 1202 sua
829 1176 932 1203 castra
957 1172 1042 1214 prius
1068 1172 1238 1213 Sequanae
1263 1172 1449 1212 contingere
1474 1171 1606 1202 fundum

582 1238 618 1256 2¹25
664 1224 735 1260 Quo
760 1235 893 1266 surgens
918 1225 1026 1263 oritur,
1053 1224 1142 1263 dixit,
1169 1234 1263 1266 quam
1287 1224 1432 1265 linquere
1456 1234 1590 1264 regnum

663 1277 872 1308 Francorum:
898 1277 974 1307 fecit
998 1276 1127 1307 domino
1152 1276 1324 1316 tribuente,
1350 1275 1436 1318 quod
1460 1276 1571 1317 inquit.

707 1329 867 1370 Denique,
894 1339 965 1359 cum
989 1328 1114 1359 medius
1140 1328 1254 1359 Titane
1278 1328 1459 1359 incenditur
1483 1328 1567 1359 orbis

665 1380 810 1422 Cumque
835 1380 900 1411 sitit
924 1380 1018 1411 tellus
1042 1380 1216 1422 pecorique
1240 1380 1320 1411 libet
1344 1381 1447 1421 magis
1471 1380 1594 1419 umbra,

665 1432 779 1463 Sibilat
804 1435 836 1463 et
860 1435 970 1473 gratus
994 1432 1090 1462 silvas
1115 1432 1273 1474 zephyrus
1297 1442 1356 1473 per
1379 1442 1521 1471 amenas,

583 1497 620 1514 2:10
666 1484 827 1525 Pergama
850 1484 1007 1515 loetiferis
1031 1485 1189 1525 stipantur
1213 1484 1252 1515 ab
1278 1484 1424 1515 hostibus
1448 1484 1545 1523 urbis,

667 1535 758 1570 Quae
782 1536 901 1577 passim
925 1535 1110 1577 patiebatur
1134 1539 1311 1568 certamen:
1337 1538 1369 1567 et
1393 1546 1489 1566 unum

666 1587 838 1618 Bellabant
862 1588 953 1627 muri,
979 1588 1142 1629 speculae,
1165 1591 1281 1629 pontes
1307 1597 1434 1628 quoque
1460 1588 1573 1627 cuncti,

667 1640 838 1680 Pugnabat
862 1640 1007 1681 pelagus,
1033 1643 1143 1670 contra
1167 1640 1262 1670 tellus
1286 1640 1388 1680 magis
1412 1640 1529 1680 ampla.

668 1690 810 1721 Classica
833 1690 927 1721 valde
951 1693 1072 1729 tonant,
1097 1691 1214 1721 mensis
1239 1690 1406 1721 discedere
1431 1691 1532 1722 cives:

586 1756 622 1774 235
669 1741 770 1773 ‘Eusffi
796 1743 935 1774 clamant
958 1743 1027 1773 litui
1051 1743 1207 1774 ‘convivia
1231 1743 1364 1773 temnite
1390 1741 1519 1774 cuncti?

669 1795 753 1825 Urbs
777 1798 909 1834 terrore,
935 1795 1029 1825 simul
1054 1795 1149 1834 cives,
1174 1794 1334 1826 invaditur
1358 1795 1478 1827 omnis:

668 1847 781 1878 Nullus
805 1847 837 1877 in
860 1847 939 1877 urbe
964 1847 1052 1878 locus
1077 1847 1191 1887 fuerat,
1217 1847 1271 1888 qui
1294 1847 1381 1878 bella
1404 1848 1531 1878 lateret.

669 1899 740 1930 Pila
765 1899 845 1930 falas
869 1900 1040 1940 lacereque
1065 1903 1180 1940 tegunt
1203 1899 1335 1930 nimium
1360 1899 1521 1940 catapulte

670 1952 757 1982 Arva
782 1953 870 1983 velut
893 1953 1010 1993 pluvie,
1035 1952 1158 1994 plumbi
1181 1962 1306 1983 necnon
1330 1952 1457 1983 onerosi

589 2016 626 2033 κω
671 2003 773 2034 Poma
797 2003 917 2035 dabant
941 2005 1036 2045 peltis
1061 2005 1200 2045 gemitus
1226 2007 1258 2035 et
1281 2003 1416 2045 grandia
1440 2013 1529 2034 saxa.

671 2055 763 2086 Haec
787 2055 880 2086 nobis
903 2056 948 2086 illi
973 2056 1158 2087 tribuebant
1181 2056 1304 2097 premia
1328 2065 1472 2097 semper:

670 2107 715 2138 At
739 2111 850 2138 contra
874 2107 1000 2149 lapides
1024 2108 1154 2149 rapidos
1178 2108 1363 2149 pariterque
1388 2108 1520 2138 balistas

670 2159 829 2190 Direxere
855 2159 930 2190 feris
953 2160 1053 2190 nostri
1078 2160 1266 2201 celeresque
1294 2159 1438 2200 sagittas.

409 2296 459 2321 206
478 2297 552 2322 cuius
571 2297 604 2321 P¹
693 2297 744 2323 ‘205
763 2298 922 2330 Plugeminis
941 2299 1021 2323 eciam
1042 2298 1075 2322 Ρ1
1163 2296 1214 2322 209
1234 2301 1311 2321 totum
1331 2297 1357 2321 in
1375 2304 1472 2320 rasura
1490 2295 1591 2326 scripsit
1609 2294 1634 2319 P
1683 2295 1841 2319 adalaelmus
1861 2293 1917 2325 (sic)
1937 2293 1962 2318 P

341 2349 454 2380 pridemq
468 2349 515 2379 P¹;
534 2348 665 2374 volebame
677 2350 807 2381 quomes?
877 2349 928 2375 210
947 2350 1046 2381 sastius
1066 2349 1090 2373 P
1128 2330 1193 2373 nilis
1212 2348 1236 2372 P
1304 2347 1352 2372 211
1373 2348 1513 2372 adalelmus
1532 2347 1567 2371 sic
1585 2346 1609 2370 P
1677 2345 1728 2371 213
1741 2347 1789 2371 Sea
1808 2350 1925 2378 coeperat
1937 2345 1961 2370 P

306 2391 355 2416 231
376 2393 521 2424 patiebatur
540 2392 573 2416 1³¹
651 2392 701 2418 ‘235
720 2394 772 2418 Eus
791 2393 820 2424 (u
839 2394 865 2418 in
884 2394 947 2424 ras.)
962 2394 987 2417 P
1060 2392 1110 2417 242
1129 2393 1235 2417 balistas
1254 2392 1280 2416 in
1298 2400 1351 2416 ras.
1365 2391 1390 2416 P
1463 2390 1514 2416 ⁴243
1533 2391 1677 2423 celeresque
1697 2389 1790 2421 (celere
1810 2390 1837 2414 in
1855 2388 1919 2421 ras.)
1938 2388 1963 2413 P

413 2478 535 2510 Linyuae.
572 2478 620 2503 207
641 2479 783 2511 insequitur
799 2488 804 2504 :
825 2488 883 2512 per·
903 2479 961 2510 (sic)
1049 2478 1099 2503 209
1119 2479 1217 2511 superis
1233 2487 1238 2503 :
1259 2479 1285 2502 in
1304 2492 1336 2495 -
1389 2477 1485 2510 pridem
1502 2485 1506 2502 :
1526 2481 1585 2502 ante
1673 2475 1725 2501 210
1748 2477 1849 2501 satius:
1869 2476 1960 2501 melius

307 2520 358 2545 216
376 2530 509 2546 reversus:
523 2531 542 2546 S.
557 2526 594 2546 est
672 2522 722 2546 217
742 2523 856 2554 superis:
877 2523 902 2546 in
917 2537 947 2539 —
1027 2521 1078 2546 218
1097 2522 1169 2546 illos:
1184 2520 1365 2552 Norm(aunos)
1445 2519 1494 2544 22Ῑ
1508 2521 1586 2545 titane
1599 2529 1604 2544 :
1623 2529 1643 2545 s.
1657 2528 1672 2545 a
1688 2533 1717 2536 —-
1797 2519 1848 2544 229
1861 2519 1960 2544 sibilat:

308 2573 327 2589 s.
342 2573 400 2588 cum
416 2578 444 2581 —
466 2563 509 2595 (cu
529 2565 564 2589 I':
583 2574 649 2590 οοιϊ.
670 2565 814 2597 Duplessis)
852 2566 998 2598 zephyrus:
1019 2570 1110 2589 ventus
1130 2565 1216 2589 suavis
1293 2563 1344 2588 230
1369 2571 1510 2595 pergama:
1530 2564 1613 2588 menia
1682 2562 1731 2588 231
1756 2570 1841 2595 quae:
1861 2571 1880 2587 s.
1899 2563 1961 2587 urbs

309 2607 358 2631 ‘234
377 2608 498 2632 classic-¹1:
519 2616 615 2632 cornua
669 2609 780 2633 mensis:
800 2618 819 2633 s.
835 2617 851 2633 a
867 2623 895 2626 —
985 2608 1036 2633 *235
1055 2609 1129 2633 litui:
1150 2616 1244 2632 cornua
1348 2606 1399 2631 238
1418 2607 1498 2632 falas:
1519 2611 1602 2632 turres

412 2692 461 2718 217
481 2692 513 2724 cf.
534 2692 676 2718 113--22.
690 2696 736 2725 34,-
758 2692 921 2726 epitaphium
945 2693 1001 2718 cius
1024 2693 1168 2718 subicimus
1193 2693 1260 2718 vitae
1283 2694 1305 2718 ct
1328 2692 1501 2718 translationi
1523 2699 1543 2718 s.
1567 2691 1703 2717 Germani.
1801 2691 1852 2717 219
1877 2691 1962 2724 inque

309 2752 372 2770 suos
391 2744 406 2769 i.
420 2751 439 2770 c.
458 2743 584 2769 acle-ersus
602 2744 695 2770 milites
714 2745 828 2771 Alarici.
931 2745 982 2770 225
1002 2745 1018 2770 i.
1032 2752 1050 2770 c.
1070 2744 1142 2770 mede
1161 2746 1279 2770 oreretur
1298 2743 1434 2777 Sequana.
1534 2743 1583 2769 227
1603 2742 1710 2768 medius
1730 2741 1816 2768 orbis:
1835 2741 1960 2768 meridies.

310 2796 360 2821 22³2·
381 2796 421 2827 ‘cf-
438 2795 508 2829 νεὶ-9.
527 2796 618 2829 Geory.
634 2796 652 2821 I
658 2796 679 2821 V
689 2797 755 2822 402³.
783 2796 921 2823 Tap-anne.
1011 2797 1062 2823 240
1080 2797 1114 2828 cf.
1134 2796 1153 2821 Ι
1163 2798 1218 2822 235.
1306 2797 1355 2822 241
1375 2796 1408 2828 cf.
1429 2796 1448 2821 I
1460 2799 1498 2822 27.
