2148 3110
905 169 1014 196 LIBER
1034 169 1082 195 III.
1778 168 1818 197 43

530 258 599 289 Iam
622 261 797 299 penetrans
820 257 926 287 horas.
972 256 1023 287 Illi
1045 256 1097 287 via
1122 258 1211 286 tanta
1236 258 1367 297 peracta
1564 252 1613 276 799

530 309 610 340 Visa
632 310 739 340 brevis
763 309 877 348 fuerat,
904 309 978 350 quia
1002 312 1271 350 compensaverat
1295 317 1406 337 omnes

448 375 485 393 ⁵05
530 362 651 392 Intuitu
676 360 792 400 Caroli⁷
818 371 898 402 quos
922 361 1054 402 pertulit
1077 364 1163 399 ante,
1188 359 1333 394 labore&

530 413 560 444 A
584 424 646 455 quo
672 417 857 444 cunctorum
882 413 1039 443 solamina.
1063 412 1159 453 digna
1184 412 1341 442 malorum

529 465 647 496 Danda
670 465 731 496 sibi
754 465 868 496 merito
894 475 950 506 spe
975 468 1062 495 certa
1088 463 1224 495 credidit
1249 463 1332 494 olim.

530 517 678 558 Namque
702 517 972 559 propinquantem
997 527 1068 547 cum
1091 516 1230 558 primum
1254 522 1399 549 noveran
1425 515 1470 545 illi

532 568 654 600 Obvius
677 569 746 610 ipse
771 569 841 600 loco
867 568 907 599 [le
933 572 1108 599 castrorum
1133 574 1312 599 memorato

448 634 486 652 510
531 620 675 662 Stipatus
699 621 805 652 multis
830 621 1022 662 populorum
1044 620 1173 651 milibus
1196 620 1273 651 ibat.
1574 632 1598 649 »ο

530 673 787 715 Pontificemque
813 673 916 704 vicem
941 673 1040 711 Petri,
1066 673 1116 704 cui
1140 672 1290 703 claudere
1315 672 1398 710 celos

531 725 573 756 Et
597 736 742 757 reserare
768 726 845 756 licet
869 725 980 764 verbo,
1006 724 1182 766 sedemque
1207 728 1372 755 tenentem

528 777 679 819 Suscepit
702 788 773 809 cum
798 777 967 818 magnifico
992 781 1181 808 reverenter
1202 777 1334 808 honore.

531 828 677 871 Cumque
702 829 770 860 dies
796 829 918 871 aliquot
941 829 1046 860 laetos
1070 829 1114 860 ibi
1138 828 1281 866 duceret‚
1306 827 1392 858 idem

448 893 485 912 515
529 881 698 912 Insinuans
722 882 828 923 presul
853 891 909 912 sua
935 891 1083 923 quaeque
1108 881 1240 922 negot-ia
1265 880 1335 921 regi

530 933 619 964 Illius
643 934 770 965 facilem
797 934 950 975 cognovit
974 933 1015 964 ad
1041 933 1147 964 omm'a
1170 936 1314 964 mentem

532 985 749 1017 Concedenda
772 986 835 1027 pie7
860 986 962 1016 voluit
985 996 1208 1027 quaecumque
1232 985 1367 1026 precari.

574 1037 655 1069 Inde
680 1037 902 1069 reducendum
927 1037 1023 1079 digne
1048 1037 1241 1079 primoribus
1265 1037 1353 1067 illum

530 1091 729 1122 Francorum
754 1089 1001 1122 commendavit.
1050 1090 1112 1126 Qui
1136 1090 1222 1120 iussa
1245 1089 1410 1131 replentes

449 1156 487 1174 520
531 1143 673 1184 Ingressi
696 1143 817 1184 pariter
839 1142 977 1173 Romam
1002 1153 1059 1173 sua
1083 1142 1292 1173 restituerunt
1576 1152 1600 1168 :00

533 1195 650 1226 Omnia
672 1195 825 1237 pontifici,
851 1205 976 1226 rursum
1002 1205 1064 1236 quo
1089 1195 1159 1225 iura
1182 1193 1324 1235 regende

533 1247 626 1278 Sedis
651 1247 849 1289 apostolicae
875 1247 1040 1289 iustosque
1066 1250 1192 1277 teneret
1216 1246 1365 1277 honores.

575 1299 617 1330 Et
640 1303 713 1341 post
737 1299 912 1330 discessum
936 1309 1041 1340 papae
1066 1309 1125 1329 rex
1150 1298 1242 1329 duxit
1266 1297 1382 1329 eodem

534 1351 695 1393 Tempora
720 1361 823 1393 pauca
847 1352 928 1389 loeo,
954 1351 1058 1381 subito
1084 1361 1156 1381 oum
1180 1351 1278 1381 tristis
1303 1349 1345 1380 ad
1369 1349 1455 1379 illum

453 1416 488 1433 ²5
534 1403 676 1434 Nuncius
700 1404 863 1434 interitum
887 1413 1056 1445 procerum
1081 1406 1283 1443 mortemque
1309 1401 1442 1432 duorum

534 1456 669 1494 Detulit2
694 1457 836 1497 insignes
861 1456 937 1486 fecit
961 1466 1041 1497 quos
1066 1455 1207 1486 maxima
1231 1455 1341 1485 virtus.

535 1508 624 1539 snus
649 1513 718 1539 erat
741 1508 913 1539 Baioariae
938 1518 1048 1538 comes
1071 1508 1162 1549 isque
1186 1511 1319 1538 vocatus

534 1560 704 1597 Geroldus,
730 1561 793 1602 qui7
819 1571 890 1592 cum
914 1561 1070 1602 populum
1095 1559 1272 1591 defendere
1298 1559 1416 1591 Christi

535 1611 678 1643 Conatus
701 1612 787 1643 bello
813 1612 894 1650 sevis
920 1612 1093 1643 obsisteret
1116 1612 1231 1651 Hunis,

453 1677 490 1695 ,πυ
535 1664 654 1695 Finivit
677 1665 776 1695 vitam
801 1664 949 1706 fragilem
974 1665 1175 1707 sumpsitque
1198 1674 1392 1706 perennem:
1574 1671 1609 1688 1⁰0

535 1717 640 1748 Italici
666 1727 742 1748 vero
768 1717 873 1748 fuerat
898 1716 963 1747 dux
987 1717 1096 1748 limitis
1121 1718 1203 1748 alter

534 1768 663 1799 Nomen
686 1768 810 1799 habens
826 1768 973 1807 Erichus,
1000 1769 1053 1810 qui
1076 1773 1150 1811 post
1173 1769 1257 1799 bene
1282 1767 1418 1809 plurima
1439 1771 1531 1807 gesta

536 1820 674 1859 Praelia,
699 1824 771 1862 post
796 1820 909 1851 crebro
934 1824 1079 1862 sumptos
1104 1831 1145 1851 ex
1168 1821 1262 1851 hoste
1287 1819 1465 1861 triumphos

536 1871 734 1914 Oppugnare
760 1871 978 1903 Liburnorum
1003 1872 1215 1904 contenderat
1238 1872 1352 1903 urbem

484 1944 490 1955 ‚
536 1924 770 1963 Tharsaticam,
797 1925 948 1966 civesque
972 1925 1044 1964 loci,
1070 1935 1166 1966 quem
1189 1925 1306 1956 robore
1331 1932 1459 1964 semper
1574 1930 1609 1948 ms

534 1976 692 2007 Invictum
716 1986 847 2011 novere,
874 1971 955 2007 dolis
980 1987 1017 2007 ac
1041 1977 1155 2008 fraude
1178 1979 1343 2008 necarunt.

578 2028 623 2059 At
646 2028 793 2068 Carolus,
819 2032 973 2070 quantum
998 2032 1126 2071 tempus
1149 2029 1342 2070 permiserat
1366 2025 1455 2065 illud,

537 2080 702 2111 Saxonum
726 2080 824 2111 rebus
848 2084 936 2111 certo
962 2081 1184 2112 moderamine
1210 2081 1331 2112 cunctis

536 2131 708 2174 Dispositis
731 2133 763 2163 in
788 2133 987 2175 Aquisgrani
1011 2143 1045 2164 se
1070 2133 1204 2164 contulit
1229 2133 1346 2164 aulam.

454 2197 491 2215 540
536 2185 589 2216 Ad
614 2195 709 2226 quem
726 2184 826 2216 Wido
847 2196 965 2225 comes9
991 2185 1041 2216 cui
1064 2185 1255 2216 Brettouum
1279 2184 1430 2225 regiones
1577 2193 1612 2209 nu

537 2236 714 2277 Commisse
740 2236 867 2268 fuerant
891 2237 997 2278 gentis
1021 2247 1117 2279 quam
1142 2247 1220 2279 sepe
1244 2236 1384 2274 rebellis7

537 2289 662 2320 Detulit
685 2299 775 2320 arma
799 2288 925 2329 ducum,
949 2289 1079 2330 proprio
1105 2300 1165 2330 que
1191 2289 1320 2319 nomine
1346 2288 1480 2329 quisque

536 2341 694 2382 Inscripto
720 2340 870 2373 dederat:
896 2341 1023 2382 signum
1047 2342 1116 2372 fore
1142 2340 1313 2372 deditionis

539 2393 611 2423 Hoc
634 2396 775 2423 statuere
799 2403 853 2431 sue
877 2392 1010 2424 Francis
1034 2393 1154 2424 servire
1179 2392 1292 2423 coacti.

457 2457 492 2475 545
538 2444 621 2475 Nam
645 2445 738 2475 sociis
763 2455 871 2476 comes
895 2445 949 2476 ille
974 2445 1038 2476 suis
1063 2455 1134 2476 cum
1158 2444 1303 2486 pluribus
1328 2444 1430 2485 ipsam
1578 2451 1612 2469 ¹11·

539 2496 612 2527 Hoc
635 2507 718 2527 anno
742 2497 870 2538 penitus
895 2500 1014 2527 terram
1038 2497 1232 2528 lustraverat
1257 2506 1396 2527 omnem.

539 2548 646 2579 Corda
670 2548 804 2579 domans
827 2548 905 2579 belli
930 2553 1054 2580 terrore
1079 2549 1200 2579 ferocia
1226 2547 1350 2589 grandi.

536 2599 577 2630 Et
600 2601 663 2630 iam
687 2604 848 2641 perpetuo
874 2600 1049 2631 Brettones
1074 2601 1141 2631 iure
1167 2600 1290 2631 subacti

277 2714 327 2738 :3051
346 2713 422 2738 caroli
443 2711 470 2743 (li
491 2713 517 2737 in
534 2721 587 2736 ras.
600 2721 633 2737 m.
646 2714 670 2743 2)
692 2713 714 2736 G
786 2711 835 2737 :317
851 2713 950 2744 precari
969 2713 990 2737 G
1062 2712 1111 2737 521
1132 2713 1188 2736 dist.
1209 2712 1309 2736 Traube
1340 2711 1397 2735 lura
1412 2710 1445 2733 (λ’
1493 2709 1587 2740 regem]
1636 2709 1683 2735 (1¹¹;
1703 2717 1767 2731 corr,
1785 2706 1832 2730 0¹²¹:

174 2758 207 2789 ‘'f·
228 2756 332 2781 11'3015
421 2754 471 2779 :324
489 2758 599 2787 fspuuca
619 2756 696 2787 (eras.
716 2756 750 2783 lo)
771 2757 792 2779 {J
881 2755 932 2780 :342
952 2756 1049 2780 dudum
1070 2757 1095 2780 in
1115 2757 1209 2780 ducum
1230 2765 1298 2780 eurr.
1320 2755 1354 2776 ΙΝ

278 2824 327 2849 ἶιίᾺ
348 2833 387 2856 sq,
405 2823 438 2854 cf.
463 2822 484 2848 V
494 2826 550 2854 4⁸1⁶,
573 2822 616 2847 nbi
635 2825 721 2847 {auten
742 2822 846 2848 iutuitu
868 2824 1038 2855 'nefapltm'iffle
1056 2824 1215 2856 capiendum
1238 2826 1282 2847 est.

1594 2872 1609 2895 αἱ
