2148 3110
270 131 327 160 334

544 1410 565 1438 1.

540 1668 567 1697 εὑ

687 127 851 153 SYLLOGA
870 126 1007 153 CODICIS
1028 125 1297 152 SANGALLENSIS
1317 125 1503 152 CCCLXXXI.

687 215 774 250 Quos
798 215 934 245 volitans
958 214 1044 244 fama
1067 213 1243 243 assciscens
1267 212 1308 243 ad
1332 212 1451 254 gaudia
1475 216 1564 243 tanta

730 267 844 297 Unitos
868 266 985 296 tulerat
1009 264 1154 295 dulcibus
1179 265 1349 306 obsequiis.

686 318 807 349 Obvius
831 318 902 348 hinc
927 317 1072 358 proprios
1097 316 1208 347 Gallus
1232 315 1379 357 producit
1403 316 1547 346 alumnos

615 383 640 399 40
727 369 870 410 Longius
896 378 1028 399 occursu
1052 378 1271 410 approperans
1296 367 1417 409 rapido.

687 422 780 451 Hunc
805 421 920 451 circum
946 419 1086 450 medium
1111 420 1288 450 numerosis
1313 420 1435 459 cetibus
1461 423 1571 450 auctus

729 472 891 503 Densatur
914 471 1032 502 nitidus
1058 472 1225 511 celicolum
1250 472 1397 513 populus,

686 524 806 555 Omnes
831 524 883 564 qui
907 523 1029 565 pariter
1052 526 1162 553 sancta
1186 526 1217 553 te
1241 533 1320 553 voce
1345 523 1485 553 salutant

728 575 769 606 Et
792 575 938 617 proprios
961 575 1055 613 laresy
1081 574 1209 615 Magne,
1235 574 1341 605 subire
1366 577 1490 615 rogant,

615 643 638 659 45·
685 629 736 668 Ut,
763 639 841 670 quos
866 628 996 668 etheriis
1019 628 1137 658 retinet
1161 627 1342 657 communio
1368 626 1506 668 templis,

729 680 791 711 Hic
815 690 943 722 quoque
968 680 1124 710 consortis
1147 680 1259 720 iungat
1281 679 1410 709 honoris
1434 689 1533 709 amor.

686 733 815 763 Interea
840 731 964 763 Otmari
988 731 1145 773 prestabit
1170 741 1245 762 cura
1268 731 1367 770 beati,

729 784 852 815 Mansio
877 786 1060 815 constructa
1084 793 1209 826 quoque
1233 786 1348 824 parata
1370 782 1436 821 fiat,

685 836 729 867 Ut
751 837 794 867 nil
819 836 988 878 displiceat
1012 836 1168 866 venientis
1193 835 1327 876 hospitis
1353 835 1409 873 ori,

617 902 641 918 50
729 888 845 918 Omnia
870 887 1052 929 splendenti
1077 887 1133 917 sed
1158 888 1280 917 niteant
1306 887 1397 917 facie.

1034 1119 1158 1151 XXIV.

770 1189 862 1221 Miles
887 1189 928 1220 ad
952 1192 1089 1220 castrum
1115 1197 1270 1230 properes
1294 1186 1457 1218 novellum

770 1241 900 1272 Pridem
926 1245 958 1272 et
982 1244 1074 1271 notos
1099 1243 1227 1282 repetas
1251 1239 1398 1270 locellos:

769 1292 905 1323 Posside
929 1296 1048 1323 terram
1072 1291 1131 1322 tibi
1154 1293 1376 1333 preparatam:

768 1344 847 1383 Iam,
873 1354 980 1375 comes
1005 1343 1099 1383 Galli,
1125 1343 1248 1374 sociare
1272 1342 1326 1373 illi.

591 1406 657 1437 Nos
681 1416 748 1445 sua,
773 1406 902 1447 Magne,

591 1459 726 1500 pignora
750 1457 862 1489 Gallus

592 1511 722 1541 miserat
745 1510 786 1540 ad
810 1513 842 1540 te

593 1566 689 1604 teque
714 1562 823 1592 venire

593 1614 711 1656 oppido
736 1614 848 1655 poscit.

592 1665 683 1696 Nune
707 1665 815 1695 studet
838 1664 891 1694 ille

593 1728 645 1748 rus
668 1718 865 1758 laquearque

594 1773 625 1799 te
650 1769 800 1799 veniente

594 1830 722 1851 comere
746 1820 848 1850 laute:

593 1873 636 1902 nil
660 1872 840 1903 remoreris.

920 1612 1013 1642 Miles

920 1870 1012 1901 Miles

542 1927 570 1955 ἰ.
595 1924 699 1954 Sexus
722 1927 869 1964 uterque,

595 1977 641 2006 vir
664 1975 853 2016 mulierque,

595 2028 689 2058 turba
712 2026 882 2069 pedestris⁷

595 2083 706 2110 coetus
732 2078 888 2120 equestris

595 2132 819 2162 vociferantur.
921 2128 1010 2159 Miles

565 2208 571 2213 .
595 2183 653 2222 Te,
678 2186 780 2224 pater,
804 2184 895 2212 aetas

597 2235 722 2276 expetit
746 2233 846 2265 omnis

596 2290 629 2317 ut
653 2285 812 2317 veniendo

597 2341 710 2369 cuncta
733 2336 882 2375 mederis,

597 2394 630 2420 et
652 2388 867 2420 modulantur.
922 2387 1016 2418 Miles

377 2519 409 2544 37
428 2522 461 2551 cs.
482 2519 548 2544 Am.
570 2517 627 2543 VII
644 2522 697 2544 104.

380 2570 467 2596 XXIV
487 2572 519 2602 cs.
540 2570 684 2603 ›S'chuln'yer
699 2578 727 2602 p⁴
742 2574 781 2595 ³4.

786 2517 818 2542 47
839 2520 872 2550 es.
893 2515 1034 2549 *S'chubiyer
1050 2524 1079 2549 1).
1094 2519 1131 2542 36.

1159 1408 1170 1421 Γ

1157 1419 1185 1436 ι),

1159 1667 1187 1693 (5.

1211 1402 1346 1440 Quando
1372 1405 1486 1444 parata

1210 1455 1400 1497 ingrediaris

1212 1512 1308 1545 tecta,
1333 1509 1479 1548 patrone,

1212 1570 1269 1590 nos
1293 1558 1485 1589 famulantes

1212 1612 1280 1653 ipse
1305 1614 1405 1641 tuere.

1213 1662 1264 1693 Ad
1288 1666 1344 1692 tua
1368 1662 1508 1703 quisquis

1212 1715 1321 1745 limina
1345 1717 1462 1744 stratus

1213 1770 1245 1797 te
1270 1765 1329 1796 sibi
1353 1768 1475 1806 poscat,

1213 1821 1333 1856 sancte⁷
1358 1817 1479 1847 favere:

1214 1874 1283 1900 esto
1307 1870 1465 1900 misertus.

1540 1609 1632 1639 Miles

1540 1866 1632 1897 Miles

1183 1947 1189 1954 .
1214 1922 1295 1963 Igne
1319 1921 1442 1958 nocivo,

1214 1973 1380 2015 grandine,
1407 1971 1529 2003 morbo.

1217 2025 1361 2065 demonis
1385 2028 1465 2063 astu,

1215 2081 1317 2108 marte
1342 2077 1493 2117 fameque

1214 2132 1351 2170 protege
1376 2129 1472 2159 cives.

1542 2126 1630 2157 Mil-vs

1185 2206 1191 2212 .
1217 2180 1368 2222 Corporis
1392 2183 1427 2210 ut
1452 2179 1504 2221 qui

1215 2233 1432 2273 relliquiarum

1216 2284 1355 2315 condere
1380 2287 1505 2325 partem

1216 2339 1471 2378 promeruerunt,

1216 2388 1332 2419 iuveris
1355 2388 1437 2418 illos.
1543 2385 1637 2417 Miles
