2148 3110
457 729 493 746 130

453 989 488 1007 1:15

450 1370 485 1388 ΗΟ

446 1630 482 1648 145

442 1891 479 1909 150

437 2410 472 2428 180

255 2646 302 2670 129
322 2656 371 2678 que
389 2649 452 2672 GB:
473 2658 538 2674 corr.
560 2650 708 2675 li'elneccius

920 163 1027 190 LIBER
1050 165 1096 191 IV.

542 250 646 291 Ipsius
669 250 855 281 iuraverunt
878 261 937 292 per
960 251 1067 282 saecla
1092 252 1225 292 futuros,

543 301 631 336 Quos
655 312 714 344 per
738 306 787 333 ter
811 302 911 334 <lenos
936 307 968 334 et
993 307 1057 335 tres
1081 308 1147 335 tam
1173 305 1294 336 duriter
1317 317 1417 338 annos

541 353 702 395 Linquere
727 355 881 396 protracti
904 356 1032 396 penitus
1056 357 1226 388 conamina
1250 358 1327 389 belli

541 404 618 436 Plus
642 406 728 447 regis
752 407 857 448 pietas
882 411 914 438 et
938 408 1156 439 munificentia
1182 409 1258 441 fecit

492 476 495 484 .
542 456 646 491 Quam
669 461 782 489 terror.
828 458 911 490 Nam
936 470 970 490 se
995 461 1137 502 quisquis
1162 463 1368 494 commiserat
1393 464 1460 494 eius

538 508 678 550 Egregie
704 510 779 541 fidei
803 511 880 542 ritus
904 512 1087 553 spernendo
1112 514 1275 554 profan05,

538 560 633 592 Hunc
658 562 772 604 opibus
797 562 901 594 ditans
927 564 1063 595 ornabat
1087 565 1262 597 honoribus
1287 567 1410 609 amplis,

538 611 641 654 Copia
664 615 861 656 pauperibus
886 614 1068 647 Saxonibus
1090 618 1199 658 agnita
1223 619 1362 659 primum

538 665 627 696 Tunc
651 666 757 697 fuerat
782 677 898 704 rerum‚
925 679 1004 709 quas
1029 668 1136 700 Gallia
1160 670 1222 700 fert
1247 672 1410 712 opulenta,

538 717 679 748 Praedia
702 720 908 760 praestiterat
933 731 1004 751 cum
1030 731 1087 751 rex
1113 723 1331 764 compluribus
1355 724 1429 757 illic,

534 768 586 799 Ex
610 770 724 811 quibus
748 772 932 812 acciperent
954 773 1100 813 preciose
1126 775 1269 815 tegmina
1293 776 1402 810 vestis,

534 820 673 862 Argenti
697 824 842 854 cumulos
867 824 1032 866 dulcisque
1058 825 1179 856 fluenta
1203 826 1285 857 Liei.

533 872 593 904 His
617 873 672 905 ubi
695 875 852 916 primores
877 876 969 907 donis
993 877 1143 908 illexerat
1169 888 1281 909 omnes

533 924 717 964 (Subiectos
742 927 872 958 sibimet
896 928 1038 970 reliquos
1062 929 1240 961 obtriverat
1264 931 1375 968 armis)

533 976 575 1007 Et
598 978 706 1009 multis
732 983 868 1021 experta
891 980 994 1011 modis
1018 981 1156 1012 innotuit
1180 982 1248 1012 eius

531 1029 612 1060 Tam
638 1029 738 1061 dulcis
762 1032 866 1072 pietas
892 1043 987 1073 quam
1012 1032 1225 1064 formidabilis
1249 1034 1305 1073 ira,

532 1081 697 1121 prefatum
723 1086 865 1115 statuere
890 1084 953 1115 fide
979 1095 1108 1116 servare
1134 1087 1268 1127 perenni

531 1133 674 1171 Foedus;
700 1139 732 1166 et
756 1136 890 1167 ulterius
914 1148 977 1168 non
1001 1137 1033 1168 id
1057 1142 1200 1169 mutasse
1225 1139 1412 1180 probantur.

617 1238 750 1279 (ANNO
774 1239 970 1272 DCCCHH.
1018 1241 1283 1273 INDICTIONE
1309 1243 1370 1283 xl>

530 1306 643 1347 Presul
667 1310 863 1350 apostolicus
888 1310 994 1341 Roma
1018 1313 1163 1353 perrexit
1187 1313 1228 1343 ab
1252 1313 1332 1343 urbe

530 1359 668 1400 Augusti
693 1360 761 1391 Leo
786 1362 935 1403 flagranti
960 1362 1116 1394 deductus
1141 1375 1261 1403 amore,

531 1410 697 1451 Ecclesiae
722 1424 850 1454 quoquc
875 1425 932 1456 pro
957 1416 1069 1451 causis,
1095 1416 1209 1457 quibus
1233 1417 1392 1458 imperiali

528 1461 608 1493 Esse
633 1463 765 1495 videbat
789 1476 869 1507 opus
892 1467 1077 1505 munimine,
1104 1479 1211 1498 rursus
1234 1468 1323 1499 adire

527 1514 723 1546 Francorum
749 1520 850 1547 terras
875 1522 1027 1559 satagens
1051 1530 1109 1560 per
1132 1520 1231 1561 longa
1255 1521 1386 1551 viarum.

526 1566 588 1597 Hic
613 1568 667 1598 ubi
692 1569 852 1600 terribiles
876 1571 1013 1612 primum
1038 1572 1282 1603 transcenderat
1307 1573 1419 1614 Alpes,

527 1618 731 1651 Adventasse
757 1622 858 1652 virum
883 1626 1008 1654 tantum
1033 1635 1160 1655 rumore
1185 1625 1305 1656 volucri

525 1671 635 1702 Indice
664 1678 868 1714 compererat
892 1676 999 1706 statim
1024 1686 1125 1718 prope
1151 1676 1257 1707 Gallia
1282 1681 1363 1708 totu:

525 1723 674 1755 Protinus
698 1725 759 1756 hoc
783 1726 880 1757 etiam
905 1727 1009 1758 laetus
1033 1730 1184 1769 cognovit
1208 1733 1241 1759 et
1264 1730 1309 1760 illi

525 1775 646 1806 Obvius
670 1781 825 1818 augustus
848 1778 1045 1810 Remensem
1071 1781 1158 1811 venit
1183 1781 1224 1812 ad
1249 1782 1361 1812 urbem

523 1826 780 1870 Susceptumquc
806 1830 883 1861 satis
909 1830 1005 1872 digno
1030 1836 1202 1863 veneratus
1229 1833 1351 1864 honore

524 1878 672 1911 Duxerat
695 1881 737 1911 ad
760 1881 883 1922 sedem,
909 1883 957 1913 cui
981 1894 1099 1915 nomen
1125 1884 1314 1916 Carisiacus.

522 1930 647 1962 Natalis
672 1932 791 1964 domini
817 1934 906 1965 festis
930 1935 974 1966 ibi
998 1936 1058 1967 rite
1084 1938 1223 1978 peractis

522 1982 614 2014 Sedis
639 1984 800 2026 Aquensis
825 1986 941 2018 abhinc
964 1989 1128 2029 petierunt
1152 1990 1280 2020 moenia
1304 1990 1447 2031 pulchre.

521 2035 737 2078 Glorificeque
762 2038 855 2069 simul
880 2039 1043 2071 celebrato
1069 2045 1216 2082 tempore
1241 2046 1361 2081 saneto,

521 2086 592 2122 Quo
617 2089 710 2119 stella
734 2094 933 2122 monstrante
958 2093 1044 2133 magi
1070 2103 1267 2133 cognoscere
1293 2095 1358 2124 veri

454 2151 476 2168 aa
522 2138 558 2169 In
583 2141 675 2171 terris
699 2142 764 2172 nati
789 2148 975 2175 meruerunt
999 2145 1126 2176 luminis
1151 2150 1265 2183 ortum„

520 2190 754 2235 Colloquioque
780 2194 906 2235 dehinc,
931 2207 989 2237 pro
1015 2208 1076 2238 quo
1103 2199 1231 2239 praesul
1258 2198 1459 2229 venerandus

518 2243 672 2285 Venerat,
697 2247 828 2288 expleto
854 2258 913 2278 rex
936 2249 1062 2280 inclitus
1087 2250 1203 2281 obtulit
1227 2251 1271 2280 illi

517 2294 653 2327 Munera
677 2296 773 2338 digua
797 2299 891 2330 simul
917 2300 1005 2331 danti
1030 2312 1086 2332 seu
1111 2303 1307 2343 suscipienti,

516 2346 579 2378 Hic
604 2358 675 2379 cuni
698 2350 886 2390 pontificum
911 2352 1104 2383 clarissimus
1128 2354 1248 2395 illeque
1274 2364 1385 2394 regum

516 2397 685 2440 Temporis
708 2401 792 2432 illius
816 2403 903 2433 nullo
929 2403 1097 2435 dubitante
1122 2405 1268 2436 fuissent.

514 2451 574 2482 His
597 2454 697 2494 gestis
722 2455 885 2496 propriam
909 2457 1016 2498 presul
1041 2459 1197 2489 remeavit
1222 2458 1263 2489 ad
1288 2458 1417 2489 urbcmz

514 2502 621 2545 Seque
646 2506 704 2536 viri
727 2507 937 2538 seiunxerunt
960 2509 1004 2539 ibi
1032 2520 1167 2551 corpore
1193 2511 1261 2541 solo

515 2555 632 2587 Mentis
656 2567 765 2589 amore
790 2560 842 2601 pio
867 2561 965 2591 iuneti
989 2562 1057 2592 sinc
1082 2563 1144 2593 fine
1169 2567 1348 2595 manentes,

149 2687 198 2712 13‘2
212 2690 326 2713 cumolos
340 2692 362 2712 (τ’
437 2691 484 2715 133
497 2701 550 2723 sqq.
564 2693 669 2717 «tissimi
681 2696 738 2719 coll.
752 2704 774 2719 π.
788 2698 838 2719 3113
912 2697 958 2721 134
973 2699 1038 2721 obtri
1059 2704 1129 2723 uvrat
1146 2701 1167 2723 (τ’
1241 2699 1290 2723 145,
1305 2701 1402 2724 uulneri
1419 2703 1440 2723 ‘t'

150 2730 198 2755 1:38
217 2740 263 2756 ceu
285 2732 319 2763 B;
339 2733 382 2757 sed
401 2742 446 2758 seu
463 2744 513 2766 pro
533 2740 558 2759 ct
574 2737 684 2767 positum
702 2738 803 2762 ridetur

252 2801 299 2826 134
318 2801 336 2827 ι’.
350 2810 369 2827 e.
389 2801 431 2828 <lie
448 2803 568 2837 'ic'briyem
586 2804 628 2830 die
646 2806 699 2831 sich
719 2806 772 2831 r[hm
790 2809 981 2840 'unlerwtaers'rn.

252 2852 352 2878 ΡοεΤΛΕ
372 2862 454 2879 mmm
474 2863 531 2880 ARV!
552 2857 677 2882 CAROMNI
699 2857 744 2883 lv.

1794 177 1834 205 49

1576 257 1635 291 803,
1647 267 1671 284 uo

1572 790 1596 807 ⁴0

1565 1310 1615 1336 804

1560 1796 1582 1812 lo

1554 2044 1612 2074 ΜΠ»,
1625 2050 1647 2067 13

1555 2077 1598 2095 Ι,ιιιΔ
1610 2080 1621 2097 (3

787 2654 835 2676 1:51>
848 2662 906 2677 cum
926 2655 1042 2686 pluribus
1064 2658 1094 2683 (ι’,
1115 2665 1191 2687 quam
1213 2658 1328 2688 pluribus
1344 2658 1367 2680 ll
1387 2663 1424 2683 111!
1442 2667 1539 2690 swalna·
1556 2669 1604 2690 pru
1618 2661 1805 2692 cumplurimum

1516 2701 1564 2725 ΙΝ)
1577 2703 1752 2727 vharisiachus
1768 2704 1801 2725 (1¹¹

1582 2863 1596 2889 ’Q
