2148 3110
425 165 469 191 DE
485 165 572 191 VITA
594 165 637 190 ΕΤ
658 163 856 191 MIRACULIS
878 163 921 188 ΕΤ
942 163 987 188 DE
1007 161 1292 188 TRANsLATIONE
1313 162 1443 187 SANCTI
1464 162 1641 188 GERMANI.

371 253 458 284 XVI.
486 253 593 284 XVII.
619 253 668 283 5⁶2.
693 250 795 282 Arida
819 261 932 281 manus
956 252 1095 280 sanatur.

474 304 597 335 XVIII.

504 357 595 387 XIX.

520 409 593 439 XX.

504 460 594 491 XXI.

487 564 594 595 xxii.

468 876 592 907 XXIII.

470 1189 533 1220 XX
540 1189 550 1219 I
557 1189 594 1219 Υ.

341 1294 443 1324 XXV.
470 1293 594 1324 XXVI.

269 1398 409 1429 XXVII.
435 1398 594 1428 XXVIII.

469 1502 594 1533 XXIX.

488 1710 595 1740 XXX.

471 1920 596 1950 XXXI.

456 2128 598 2159 XXXII.

440 2181 598 2211 XXXIII.

442 2233 597 2264 XXXIV.

457 2337 595 2368 XXXV.

444 2441 598 2471 XXXYI.

208 2492 380 2522 XXXVII.
408 2492 596 2523 XXXVIII.

310 2595 352 2627 54,
364 2602 375 2621 2
387 2597 454 2629 fort.
474 2597 534 2621 huie

622 359 671 386 53.

621 463 669 491 54.

626 577 659 595 )-)

623 670 672 699 56.

620 878 670 907 58.

621 982 671 1011 59.

622 1086 672 1115 (50.

620 1191 671 1219 61.

620 1400 670 1429 63.

620 1505 670 1533 m.

625 1608 675 1636 65.

621 1712 671 1741 (56.

622 1817 672 1846 (57.

621 1921 670 1951 68.

623 2025 672 2055 69.

625 2131 673 2159 70.

625 2235 673 2263 71.

623 2339 638 2367 7
645 2340 661 2359 “)

646 2360 673 2369 -a-

625 2442 674 2471 73.

699 303 904 334 Maxillarum
930 302 1084 332 dissoluta

695 355 870 386 Hominem
896 355 1018 385 eatenis
1042 355 1181 384 vinetum

695 408 753 438 Vir
776 407 909 447 insignis
924 406 1054 436 Waddo
1080 406 1160 437 aeris

695 459 939 491 Chrodesinthis
964 459 1007 489 sie
1032 459 1144 499 regina

696 512 803 542 Febre
828 515 956 552 captum
981 511 1042 541 hue
1067 511 1240 541 transmisit

695 564 821 605 Equum
847 563 945 594 donat
969 564 1152 604 postulante

698 616 801 651 Quem
818 619 978 646 mercator
995 616 1098 645 minus
1116 615 1238 646 donans

699 667 935 699 Childebertus.
961 667 1014 709 qui
1039 667 1180 706 donavit,

698 719 765 750 Sibi
790 729 863 750 eum
889 719 1041 757 retinere,

665 796 671 802 .
695 771 772 802 Plus
796 774 905 802 tamen
931 781 1026 812 quam
1052 771 1138 812 regis
1163 771 1222 802 fuit

696 823 793 865 Apud
818 823 919 853 virum
944 823 1084 865 pietatis.

694 875 768 906 Rex
793 875 975 906 Clotharius
1000 879 1187 918 contempto

695 927 827 969 Angore
853 938 1006 969 pervasus
1031 928 1129 959 febris

696 980 807 1011 Poena
830 980 915 1021 regis
939 981 1112 1019 nuntiatur,

695 1031 747 1063 Sic
771 1032 922 1063 sacerdos
948 1036 1100 1063 exoratus

698 1084 763 1114 Vix
787 1094 958 1126 assurgens
982 1095 1041 1115 rex
1065 1085 1171 1115 divino

695 1136 846 1169 Caesum:
862 1137 963 1167 sancti
974 1137 1088 1167 lambit
1100 1141 1239 1168 vestem:

696 1188 799 1219 Extra
823 1199 950 1219 sensum
977 1189 1106 1230 quidam
1131 1190 1234 1220 faetus

697 1240 778 1271 Oleo
804 1240 994 1271 chrismatus
1019 1245 1128 1272 sancto

643 1301 670 1324 ·.
696 1292 803 1324 Caeca
826 1294 927 1324 venit:
953 1293 1065 1324 videns
1090 1293 1182 1324 redit.

698 1344 802 1380 Quam
826 1345 999 1384 invaserat,
1024 1346 1082 1377 sub
1107 1357 1237 1377 muscae

696 1397 832 1428 Turonis
858 1408 929 1428 cum
954 1399 1153 1437 accessisset,

696 1449 746 1480 De
771 1449 872 1480 saliva
897 1450 958 1480 oris
985 1450 1032 1480 sui

695 1501 882 1532 Daemones
908 1503 974 1532 eius
999 1502 1156 1533 adventus

694 1553 748 1584 Ad
771 1557 916 1584 sanetum
941 1554 1211 1596 Symphorianum

700 1605 937 1646 Energuminos
962 1607 1101 1637 clamare

695 1657 872 1699 Fugientes
895 1661 969 1689 ante
995 1658 1055 1689 sibi

697 1710 853 1752 Supplex,
879 1721 950 1741 reos
975 1714 1009 1741 ut
1034 1711 1170 1744 laxaret.

698 1763 757 1794 Ille
783 1762 903 1794 differt:
928 1763 987 1794 iste
1012 1774 1108 1804 prece

698 1814 894 1846 Catenarum
919 1815 1007 1846 bacis
1032 1816 1140 1846 fractis

699 1867 751 1898 Sic
776 1868 879 1909 erepti
903 1871 1011 1909 grates
1036 1867 1118 1898 bono

697 1919 840 1950 Cernens
865 1920 983 1950 factum
1007 1919 1193 1961 indignatur

697 1972 783 2002 Ante
809 1976 953 2002 sanctum
978 1973 1074 2002 currit
1098 1983 1219 2011 1111111115,

697 2024 896 2065 Implorante
921 2035 978 2066 pro
1003 2035 1037 2055 Se
1061 2028 1172 2055 sancto

697 2075 859 2107 Medicina
883 2077 1027 2118 spiritali,

700 2128 798 2158 Ursos
822 2132 926 2165 necat,
952 2140 1090 2159 messem
1115 2129 1218 2159 salvat

700 2180 919 2211 Matronarum
943 2181 997 2211 uni
1022 2191 1138 2211 caecae

699 2233 844 2274 Eulogiis
869 2233 951 2263 datis
976 2244 1109 2274 parvam

698 2285 814 2316 Filiam
840 2285 962 2316 I'ientis
988 2286 1045 2316 viri

698 2337 845 2368 Manibus·
870 2337 1055 2368 damnatum
1081 2341 1196 2379 purgat

700 2389 761 2424 Qui
786 2389 836 2420 die
862 2400 933 2420 cum
959 2391 1150 2421 eircinnaret

701 2440 871 2476 Quondam
899 2442 927 2472 ei
952 2446 1024 2472 sunt
1049 2442 1148 2472 oblati

699 2492 787 2527 Quos
812 2493 988 2533 mundavit7
1015 2493 1092 2524 duos
1117 2493 1209 2523 simul

622 2596 663 2627 69,
676 2604 685 2621 1
704 2606 744 2622 res
763 2598 878 2629 pergitur
898 2598 1032 2622 Gauclenzi

311 2664 344 2689 54
362 2667 386 2689 et
404 2665 435 2689 71
449 2664 481 2690 sle
494 2664 646 2690 nominibus
662 2665 694 2697 cf.
708 2665 815 2691 Krusch
824 2674 852 2698 11·
869 2669 907 2696 16,
923 2670 934 2691 1
952 2668 974 2690 et
988 2669 1027 2697 18,
1039 2670 1081 2691 44.

1262 249 1411 279 Daemon
1435 252 1505 280 ater
1529 250 1668 290 pellitur.

1264 311 1422 342 compago
1448 302 1635 341 reiungitur.

1265 353 1364 383 Satan
1389 353 1498 394 pulsus
1523 353 1651 384 deserit.

1264 405 1421 435 liberatur
1446 405 1598 435 febribus.

1265 458 1443 488 ministrum
1467 457 1668 487 karissimum

1266 509 1439 540 curandum
1465 509 1626 539 fidissime.

1263 562 1390 603 captivo
1415 562 1446 592 in
1471 562 1594 603 precio:

1263 624 1357 645 mane
1384 614 1480 644 trahit
1504 618 1676 644 mortuum.

1263 676 1322 697 rex
1347 669 1491 696 sanctum
1516 669 1689 707 rogaverat

1264 719 1341 749 nulli
1365 729 1517 760 umquam
1542 718 1686 750 tradere:

1263 782 1325 801 vox
1351 771 1518 801 clamantis
1546 771 1706 812 pauperis.

1264 823 1390 853 hostem
1415 823 1579 853 avaritiae.

1263 875 1404 906 adventu
1429 875 1589 916 pontificis

1264 931 1432 969 torquetur
1456 927 1634 958 durissimo.

1266 981 1440 1022 optimates
1465 980 1632 1010 cursitant:

1264 1033 1362 1063 intrat
1385 1032 1449 1062 iam
1474 1033 1640 1073 palatium.

1262 1095 1295 1115 se
1319 1085 1449 1125 flagello
1476 1085 1618 1125 queritur

1265 1136 1358 1167 dolor
1382 1137 1483 1167 omnis
1509 1137 1636 1167 tollitur.

1265 1200 1390 1220 morsus
1414 1189 1489 1230 lupo
1514 1188 1626 1219 rabido

1263 1251 1374 1271 sensus
1398 1251 1542 1271 normam
1568 1241 1691 1281 recipit.

1263 1293 1412 1324 Daemon
1437 1293 1519 1333 fugit
1542 1293 1647 1322 aliam.

1263 1346 1391 1387 elapsus
1415 1346 1567 1386 imagine.

1266 1398 1348 1428 duae
1373 1398 1452 1428 fiunt
1476 1398 1614 1428 feminae

1266 1453 1399 1480 sanatae
1423 1449 1596 1480 invalidae.

1265 1506 1355 1533 erant
1380 1513 1479 1544 saepe
1504 1502 1614 1537 nuntii.

1265 1555 1451 1596 priusquam
1476 1553 1664 1585 accederet:

1264 1606 1325 1636 hoc
1349 1606 1511 1647 cogebant
1535 1606 1679 1643 miseros,

1268 1658 1407 1688 invidam
1431 1658 1658 1699 praesentiam.

1265 1710 1403 1751 rogabat
1427 1709 1606 1741 Nicasium:

1265 1763 1368 1804 aperit
1392 1763 1599 1803 ergastulum.

1266 1815 1444 1845 educuntur
1467 1815 1588 1845 miseri:

1264 1867 1445 1898 reddebant
1470 1867 1622 1908 pontifici.

1265 1920 1380 1950 stultus
1404 1920 1452 1949 vir
1475 1919 1636 1949 Nicasius:

1264 1971 1322 2002 sed
1347 1972 1441 2002 saluti
1466 1971 1644 2012 proximus:

1264 2025 1335 2055 ilico
1361 2024 1559 2065 respergitur

1268 2076 1415 2117 sospitati
1439 2075 1592 2106 redditus.

1268 2128 1408 2158 mulieris
1432 2128 1593 2169 pauperis.

1268 2181 1376 2211 lumen
1401 2181 1506 2210 vultus
1531 2180 1679 2220 integrat.

1270 2236 1400 2263 revocat
1425 2232 1464 2262 de
1490 2233 1601 2262 funere

1269 2284 1383 2315 nobilis
1408 2284 1559 2314 familiae.

1265 2337 1426 2370 clericum.
1452 2335 1610 2365 dominico

1268 2389 1399 2429 caligas,
1424 2387 1630 2417 contrahitur.

1269 2444 1393 2481 septem
1420 2439 1630 2477 daemoniaci,

1267 2502 1382 2522 sanans
1406 2491 1609 2532 paralyticos.

1169 2666 1203 2689 55
1221 2667 1243 2690 e!
1261 2664 1293 2690 57
1309 2664 1425 2690 Fortun.
1438 2672 1465 2696 p.
1484 2668 1520 2691 lo'.
1536 2668 1562 2689 15
1582 2663 1692 2688 interim
1708 2663 1806 2688 beatus
1826 2663 1867 2688 vir

208 2717 369 2750 postulante
387 2717 498 2750 captivo
519 2726 619 2750 equum
640 2717 727 2743 donat,
745 2717 773 2742 in
794 2717 892 2750 pretio,
913 2717 1044 2750 quoniam
1065 2717 1139 2750 apud
1154 2716 1312 2749 pontificem
1333 2716 1395 2749 111115
1414 2715 1468 2740 fuit
1488 2724 1570 2748 (11111111
1592 2715 1637 2740 illa
1661 2718 1775 2745 (erasum
1790 2715 1816 2739 in
1833 2714 1866 2743 P)

209 2768 281 2801 regis
295 2777 346 2793 vox
361 2767 498 2801 pauperis.

209 2823 348 2846 matronae
368 2820 481 2846 cuidam.

576 2769 607 2795 64
627 2769 660 2800 cf.
681 2773 717 2801 17,
728 2780 748 2798 2,

828 2770 861 2795 ‹35›
881 2770 896 2795 ι’.
911 2778 931 2794 c.
944 2768 1057 2803 fliehend
1078 2776 1132 2795 ror
1150 2768 1234 2795 semei·
1254 2768 1335 2793 11111οη
1355 2768 1503 2794 ι’σι·Ιι(ι551(τ)1
1527 2767 1688 2800 Geyemcart.

1767 2766 1798 2791 TO
1817 2765 1833 2790 1ἶ.
1847 2774 1866 2790 e.
