2148 3110
549 151 714 177 SYLLOGA
735 148 873 176 CODICIS
893 146 1173 174 SANGALLENSIS
1193 145 1380 172 CCCLXXXI.
1731 146 1792 176 327

503 239 625 270 Omnes
649 237 750 269 sancti
775 236 905 269 domini,
1027 234 1135 276 angeli
1160 236 1192 264 et
1215 233 1372 269 homines,

436 306 460 324 ‘20
505 292 573 322 Vos
597 289 639 322 ad
662 300 756 321 aures
781 289 903 320 divinas
1027 287 1108 318 ferte
1132 295 1246 328 preces
1270 284 1410 316 sedulas.
1571 284 1685 314 Trinus

504 344 548 375 Ut
571 343 662 374 nobis
686 341 831 373 remissio
1031 342 1237 381 peccatorum
1263 337 1410 375 donetur,

503 395 598 426 Aeris
622 394 798 435 temperies
1030 394 1179 432 terreque
1205 389 1362 420 fertilitas.
1574 387 1651 429 ΚΠ.

504 447 623 478 Pacem
648 445 740 476 nobis
763 445 915 486 imploret
1032 445 1140 473 vestra
1163 441 1361 479 intercessio,

504 499 682 530 Sanitatem
707 507 876 539 corporum
1032 498 1065 525 et
1086 503 1231 536 perenne
1256 492 1420 534 gaudium.
1575 491 1613 522 K.

433 565 458 582 2¹5
506 551 548 582 Ut
571 551 691 581 famem
717 553 749 580 et
773 549 876 580 morbi
900 549 963 579 vim
1031 556 1183 577 amovere
1210 545 1361 586 dignetur

506 603 718 644 Omnipotens
744 601 900 639 dominus,
1032 599 1176 641 optinete
1201 598 1362 639 precibus,
1574 595 1667 625 Votis

506 655 549 686 Ut
573 655 700 693 seviens
724 653 851 695 gladius
1036 654 1068 682 et
1092 660 1239 692 paganus
1263 649 1402 691 populus

506 706 701 749 Depellatur
724 716 743 735 a
766 705 868 743 nobis,
1035 705 1067 733 te
1092 711 1255 743 rogamus,
1280 700 1419 731 domine.
1576 698 1690 729 Trinus

506 760 551 790 Ut
574 761 739 800 pastorem
764 757 846 788 tueri
1035 757 1179 785 nostrum
1204 753 1284 784 velis
1309 756 1341 784 et
1365 753 1497 789 clerum,

439 826 463 844 30
509 814 630 843 Omnes
654 810 746 840 simul
770 819 911 840 oramus:
1035 807 1111 837 Iesu
1136 806 1273 845 Christe,
1299 805 1373 836 audi
1398 815 1463 835 nos
1580 803 1619 835 K.

507 863 551 894 Ut.
575 873 632 894 rex
660 865 769 892 noster
794 859 1004 891 Chuonradus
1037 859 1104 889 eius
1129 861 1161 888 et
1185 857 1347 888 exercitus

510 916 593 946 Hinc
618 918 651 945 et
674 913 748 945 inde
773 915 928 950 servetur,
1039 921 1182 941 oramus:
1201 909 1339 946 Christe,
1357 908 1431 939 audi
1449 919 1515 939 nos.
1580 907 1671 937 Votis

511 968 553 998 Ut
577 976 689 998 cruore
714 965 917 1006 redemptum
1037 962 1184 1004 precioso
1208 961 1363 1003 populum

509 1019 709 1050 Conservare
734 1017 885 1059 digneris,
1032 1025 1175 1049 oramus3
1202 1013 1328 1045 Christe
1353 1012 1428 1044 audi
1453 1023 1519 1043 nos.
1577 1011 1691 1042 Trinus

442 1086 465 1104 35
513 1071 646 1102 Animas
671 1069 846 1101 catholicas
1038 1067 1070 1098 in
1094 1070 1228 1097 aeterna
1253 1065 1363 1107 requie

510 1123 685 1154 Confoveri
708 1122 832 1160 iubeas,
1038 1129 1180 1153 oramusz
1198 1118 1335 1157 Christe,
1354 1117 1428 1148 audi
1446 1128 1512 1147 nos.
1582 1116 1621 1147 K.

512 1176 633 1207 Omnes
657 1175 715 1206 tibi
740 1174 893 1213 canimus,
1038 1171 1178 1203 universi
1203 1171 1378 1202 clamamus

510 1227 653 1259 Vocibus
678 1230 710 1257 et
734 1225 884 1257 cordibus
1038 1234 1180 1259 oramus;
1199 1223 1336 1262 Christe,
1354 1221 1428 1254 audi
1445 1232 1512 1252 nos.
1582 1219 1697 1250 Trinus

512 1316 662 1345 Oramus:
689 1313 827 1351 Christe,
852 1311 927 1343 audi
945 1322 1017 1343 nos:
1043 1311 1181 1345 Christe,
1208 1310 1346 1347 Christe,
1372 1309 1447 1340 audi
1465 1319 1532 1339 nos·

445 1380 467 1398 ιο
512 1366 623 1408 Kyrie,
649 1366 791 1407 eleyson,
816 1364 973 1397 caninius;
1042 1363 1181 1402 Christe,
1208 1362 1351 1404 eleyson,
1376 1361 1550 1403 psallimus.
1583 1359 1675 1389 Votis

933 1597 1025 1630 XVI.

394 1665 578 1702 VERSUS
605 1662 895 1700 HARTMANNl
923 1662 988 1698 AD
1016 1658 1365 1696 sUsCIPIENDUM
1394 1655 1570 1692 REGEM.

517 1740 651 1782 Suscipe
677 1740 882 1774 clementem,
907 1737 1001 1780 plebs
1026 1736 1244 1774 devotissima,
1270 1745 1381 1776 regem

559 1793 696 1834 Ducque
721 1801 840 1823 canens
864 1790 951 1822 Galli
975 1792 1063 1820 tecta
1087 1788 1145 1819 sub
1171 1788 1237 1819 alta
1260 1787 1314 1829 pii.

517 1845 596 1883 Iam,
620 1843 803 1881 benedicte,
828 1843 912 1881 veni,
936 1844 1042 1873 rector
1067 1840 1252 1882 dignissime
1276 1838 1401 1872 mundi2

562 1896 712 1927 Dextera
736 1899 767 1926 te
793 1894 911 1926 Christi
935 1895 1087 1936 protegat
1112 1903 1185 1924 arce
1210 1892 1286 1933 poli.

463 1963 473 1980 r,
520 1948 655 1980 Actibus
679 1949 710 1979 in
736 1947 856 1978 cunctis
882 1946 939 1978 tibi
964 1955 1120 1988 prospera
1145 1948 1259 1976 cuncta
1282 1953 1421 1985 superne

562 2000 759 2031 Proveniant
782 1999 863 2030 votis
888 2001 920 2029 et
944 1998 1012 2029 sine
1036 1997 1099 2028 fine
1123 1997 1194 2038 piis.

520 2053 592 2084 Hoc
616 2062 674 2083 nos
698 2053 853 2082 instanter
877 2050 1055 2091 rogitamus
1078 2052 1211 2090 pectore
1236 2046 1316 2079 fido:

564 2105 637 2136 Hoc
662 2104 800 2146 petimus
824 2113 935 2134 omnes
960 2105 1054 2133 noete
1080 2101 1197 2142 dieque
1223 2099 1326 2131 simul.

522 2157 569 2188 Te
594 2157 686 2188 nobis
710 2155 864 2187 blandum
889 2155 1026 2186 dederat
1050 2153 1178 2185 dilectio
1205 2152 1333 2189 Christi,

455 2225 477 2243 io
567 2210 628 2246 Qui
652 2211 778 2240 nosmet
802 2211 891 2239 tanta
915 2207 1088 2238 sedulitate
1113 2206 1218 2237 foves:

523 2262 623 2293 Insita
647 2264 679 2292 te
705 2260 797 2292 nobis
820 2260 948 2291 bonitas
973 2262 1006 2290 et
1029 2261 1140 2290 sancta
1163 2257 1313 2288 voluntas

567 2314 654 2345 Ante
680 2312 770 2344 dedit
794 2322 913 2349 carum,
939 2322 1034 2354 quam
1059 2320 1188 2352 quoque
1212 2309 1298 2340 visus
1324 2317 1410 2338 eras:

262 2447 293 2472 31
314 2446 478 2472 chuonradus
498 2446 530 2476 S;
557 2445 678 2470 henricus
698 2444 722 2467 B
740 2448 761 2468 el
782 2442 912 2475 ‘'r'ueh'erb.
933 2441 976 2467 (N.
993 2441 1024 2466 A.
1049 2441 1065 2465 Ῑ
1082 2449 1108 2472 p.
1123 2442 1233 2471 420sq.;
1259 2439 1292 2471 rs.
1314 2437 1349 2462 II
1361 2446 1387 2468 2¹·
1405 2438 1466 2461 439.-
1487 2435 1591 2459 hostinm
1614 2434 1765 2459 vastationes
1784 2433 1819 2456 ml

160 2491 268 2516 Hemici
288 2490 344 2514 ΙΙΙ.
370 2495 484 2521 tempora
514 2498 563 2512 non
590 2487 722 2520 quadrare
750 2487 810 2511 hene
837 2490 921 2510 monet
948 2484 1122 2512 Iir'atteubaclm
1147 2491 1226 2514 neque
1250 2491 1308 2507 vero
1338 2481 1420 2504 minus
1448 2479 1579 2510 quadrant
1606 2478 1642 2502 ad
1668 2477 1784 2501 Com-adi
1804 2476 1822 2500 I

160 2539 267 2560 aetatem
286 2542 364 2566 quam
383 2533 419 2557 acl
438 2532 546 2557 Hem-ici
565 2532 599 2563 I.)
682 2529 715 2555 32
735 2528 838 2554 oramus
858 2529 879 2553 S
901 2528 926 2559 (e
945 2536 977 2553 ⁸8.
996 2536 1027 2552 m.
1048 2529 1064 2552 2
1083 2527 1202 2558 antiqua·
1220 2526 1277 2550 item
1296 2534 1316 2549 r.
1333 2526 1372 2549 34.
1391 2525 1431 2548 36.
1452 2524 1493 2551 38,
1514 2532 1565 2546 mm
1583 2530 1605 2545 v.
1618 2520 1663 2549 39)

264 2610 298 2636 22
315 2618 369 2643 sqq.
387 2612 422 2642 ef.
442 2608 479 2634 ad
498 2613 521 2640 4,
538 2611 574 2634 73.
662 2607 693 2633 31
713 2608 747 2639 cf.
767 2613 863 2638 appar.
882 2604 938 2630 crit.

266 2661 330 2688 XVI
352 2661 363 2686 1
393 2659 557 2693 {Vctlzzlzfh’itli
581 2666 687 2684 carmen
710 2661 747 2690 17,
770 2662 781 2683 1
812 2657 920 2690 suscipe
945 2656 1095 2682 elementer
1119 2663 1234 2688 paucos,
1267 2654 1348 2687 pater
1370 2651 1487 2685 optimc.
1512 2658 1605 2676 versus
1633 2657 1695 2674 casn
1723 2647 1822 2672 ridetur

163 2715 284 2740 similiter
303 2713 424 2746 incipere.
503 2712 518 2736 3
536 2714 569 2745 (ts.
589 2716 612 2743 4,
626 2714 648 2736 2.
728 2710 745 2735 4
764 2717 796 2735 ex
816 2717 877 2735 arce
898 2708 955 2742 poli
976 2720 1007 2729 z
1028 2715 1146 2741 superne
1167 2715 1186 2732 r.
1203 2710 1225 2732 5.
1305 2706 1321 2731 5
1341 2711 1471 2738 prospera
1491 2703 1591 2728 cuncta
1609 2700 1726 2733 formula
1745 2701 1778 2731 (c.
1797 2708 1819 2731 J!-

166 2767 197 2792 Ρ.
212 2768 244 2792 A.
262 2768 271 2790 (
279 2766 288 2791 '.
304 2765 353 2790 ΙΙΙ
364 2773 390 2797 p.
406 2767 460 2795 537,
474 2764 524 2795 22).
613 2764 629 2788 6
650 2762 678 2787 m
697 2761 799 2787 cavetis
817 2761 919 2786 actibus
937 2763 959 2786 ct
974 2760 1029 2793 piis
1048 2760 1121 2785 rotis.
1215 2761 1231 2784 ὅ
1250 2760 1331 2784 nocte
1351 2757 1451 2790 dieque
1470 2755 1597 2789 formula.
1690 2753 1714 2777 ll
1737 2751 1822 2777 insita

164 2819 211 2845 tibi
232 2817 342 2844 bonitas
362 2818 389 2842 te
409 2815 488 2842 nobis
508 2824 601 2841 carum
622 2814 699 2842 dedit
719 2815 762 2845 (z
784 2812 912 2846 reddidit)
934 2814 1085 2846 antequam
1106 2811 1180 2837 visus
1200 2819 1311 2844 quoque
1331 2808 1419 2841 (vach
1438 2815 1491 2832 nur
1507 2804 1678 2840 qesehen’ffl
1699 2812 1765 2829 eras.
