2148 3110
454 826 492 844 22⁸0

455 1208 492 1226 3115

457 1468 495 1486 300

457 1729 493 1747 305

458 1989 495 2007 310

461 2251 497 2268 315

460 2510 498 2528 320

910 137 1016 164 LIBER
1038 138 1082 164 [V.

538 227 600 257 Hic
624 226 723 267 patris
749 225 921 267 equivocus
946 225 1065 260 fuerat;
1091 235 1149 255 nec
1173 225 1300 255 nomine
1326 226 1404 256 solo.

538 278 650 308 Indole
677 277 734 308 sed
758 277 874 307 mentis
899 277 983 307 clara
1009 276 1234 317 probitateque
1260 287 1383 307 morum

541 328 800 370 Omnimodaque
824 336 949 370 patrem
974 328 1126 358 virtutum
1150 327 1225 359 doto
1250 329 1396 362 referret,

538 382 571 412 s‘i
596 385 721 412 rectore
746 381 807 411 frui
830 381 1000 411 meruisset
1023 380 1161 410 Francia
1185 380 1250 411 tali.

582 433 654 464 Hoc
679 444 806 475 quoque
833 433 1020 464 Bernhardo
1046 444 1180 474 regnum
1205 439 1408 464 concesserat
1432 445 1514 464 anno

537 486 684 516 Italicum
708 486 780 527 pius
805 490 972 527 augustus:
997 496 1071 516 nam
1095 485 1177 516 filius
1201 485 1285 516 ide-111

537 538 666 579 Pippini
691 538 806 568 merito
831 538 913 579 patri
938 543 1135 568 successerat
1160 537 1263 568 heros.

611 641 734 672 ANNO
759 640 953 673 DCCCXII.
1003 640 1277 681 (INDICTIONE
1303 641 1379 679 IIII>

538 710 679 740 Maxima
704 709 886 751 longinquis
911 713 1068 740 terrarum
1092 710 1180 740 venit
1203 710 1243 741 ab
1269 710 1355 741 horis

537 761 715 792 Grecorum
740 761 780 792 de
805 761 1001 803 principibus
1024 762 1146 803 legatio
1171 763 1277 793 missa.

536 813 566 844 A
591 813 706 855 quibus
730 817 884 855 augustus
907 823 1022 855 pacem
1047 813 1168 844 donare
1193 817 1333 855 rogatus,

534 865 606 896 Iure
632 866 692 906 piis
716 865 874 907 precibus,
899 866 1033 896 multum
1059 876 1137 907 quas
1160 866 1249 896 novit
1272 866 1398 907 utrique

535 917 700 948 Proficuas
725 928 835 959 regno7
861 921 1069 949 consenserat
1093 918 1164 948 ilico
1189 918 1348 948 clemens:

536 969 667 1000 Foedus
693 973 724 1000 et
749 970 832 1000 inter
856 982 889 1000 so
914 969 989 1000 fidei
1014 970 1167 1011 pacisque
1193 969 1333 1009 tenende

536 1021 675 1052 Iurando
700 1025 808 1063 partes
833 1022 999 1052 firmarunt
1022 1022 1167 1064 protinus
1192 1022 1298 1052 ambe.

623 1124 745 1156 ANNO
770 1124 982 1157 DCCC-XIII.
1031 1124 1306 1165 (INDICTIONE
1329 1125 1370 1164 V>

538 1195 606 1226 Iam
631 1195 737 1236 gravis
763 1198 899 1236 augusto
924 1195 1055 1226 morbus
1080 1195 1172 1225 simul
1197 1203 1293 1236 atque
1319 1200 1467 1225 senectus

537 1247 681 1289 Corpore
707 1247 901 1278 sustulerant
926 1247 1053 1278 solitum
1080 1251 1243 1278 marcente
1270 1247 1423 1288 vigorem.

537 1299 769 1340 Curarumque,
796 1299 910 1340 quibus
934 1309 985 1329 res
1009 1299 1137 1341 publica
1162 1302 1251 1330 tanta
1275 1298 1416 1339 regenda

537 1351 586 1382 Ac
611 1350 768 1381 servanda
794 1351 862 1389 fuit,
887 1361 951 1381 non
975 1361 1010 1382 se
1036 1351 1169 1382 sufferre
1194 1352 1303 1382 valere

537 1403 750 1434 Immodicum
776 1402 912 1445 pondus,
937 1403 1063 1444 placide
1090 1403 1148 1434 sed
1172 1404 1241 1434 sola
1266 1404 1381 1446 quietis

541 1455 615 1486 Otia
638 1466 789 1497 supremo
815 1455 954 1486 labentis
981 1458 1127 1497 tempore
1152 1456 1238 1486 vitae

538 1507 629 1538 Vidit
654 1507 792 1538 amanda
817 1507 888 1545 sibi,
914 1518 975 1549 quo
1001 1518 1173 1549 procurare
1199 1508 1347 1549 migranti

538 1559 623 1590 Hinc
648 1559 774 1590 animae
799 1559 943 1600 requiem
969 1559 1118 1600 propriae
1144 1559 1335 1600 veniamque
1361 1557 1515 1589 studeret.

581 1611 675 1642 sude
701 1611 800 1642 duces
824 1622 861 1642 ac
887 1611 1043 1652 primores
1067 1611 1289 1653 sollempniter
1313 1621 1424 1641 omnes

538 1664 648 1705 Atque
674 1663 881 1704 magistratus
907 1662 948 1693 ad
973 1663 1142 1694 concilium
1167 1663 1319 1704 generale

539 1715 690 1757 Undique
717 1715 864 1756 collegit;
888 1719 1029 1757 natoque
1055 1726 1110 1746 suo
1135 1715 1328 1746 Hludowico

540 1767 735 1799 Cunctorum
760 1777 831 1798 011111
857 1767 988 1798 consilio
1013 1767 1061 1798 ius
1086 1777 1180 1797 omne
1204 1766 1338 1808 regendi

539 1818 686 1850 Tradidit
710 1819 835 1860 imperii
860 1829 1144 1860 successoremque
1169 1819 1295 1860 paterni

539 1872 694 1914 Imposito
721 1871 901 1912 designavit
927 1870 1112 1902 diademate
1138 1871 1228 1911 regni

540 1924 799 1964 Consortemque
825 1923 871 1953 sui
898 1923 1017 1953 factum
1043 1923 1138 1953 totius
1162 1922 1291 1953 honoris

541 1977 723 2017 Augustum
748 1975 869 2016 pariter
893 1975 1026 2006 vocitari
1050 1975 1188 2005 iusserat
1211 1975 1324 2016 ipsum.

541 2027 636 2063 Quod
661 2037 732 2058 cum
756 2027 926 2068 magnifico
953 2027 1029 2057 satis
1053 2037 1210 2068 accepere
1234 2027 1344 2056 favore

543 2080 719 2111 Consilium
745 2080 860 2117 cuncti,
885 2090 958 2110 eum
982 2090 1112 2121 prorsus
1139 2079 1171 2110 id
1194 2079 1272 2110 utile
1297 2089 1396 2120 regno

540 2132 741 2164 Multimodis
765 2132 1004 2173 intellegerent.
1052 2132 1137 2163 Hinc
1161 2135 1255 2163 aucta
1280 2131 1403 2162 refulsit

542 2185 695 2216 Maiestas
720 2184 841 2215 Caroli:
868 2184 1039 2215 eoncordia
1064 2184 1149 2215 facta
1172 2184 1286 2215 futuris

541 2237 627 2268 111110
653 2240 701 2267 est
725 2236 935 2278 temporibus,
961 2247 1032 2267 cum
1056 2239 1105 2267 tot
1129 2239 1226 2278 caput
1251 2235 1357 2266 extitit
1381 2245 1478 2266 unum

540 2289 691 2320 Unanimi
715 2289 842 2330 populis
866 2291 1078 2319 monstratum
1103 2291 1211 2319 mente
1237 2287 1447 2329 sequendum.

540 2341 625 2372 Hine
649 2343 755 2371 metus
780 2341 922 2372 extemis
946 2341 1093 2372 incussus
1117 2340 1268 2382 gentibus
1291 2340 1405 2381 ingens

540 2393 593 2424 Nil
618 2403 748 2435 sperare
774 2392 863 2424 dedit
889 2392 996 2424 Caroli
1021 2392 1061 2424 de
1086 2396 1189 2423 morte
1213 2392 1403 2434 propinqua7

542 2444 612 2480 Quo
638 2445 737 2476 minui
760 2448 871 2487 posset
895 2448 997 2476 status
1022 2448 1054 2475 et
1077 2445 1272 2476 rectissimus
1297 2443 1375 2474 ordo

542 2497 648 2538 Regni
673 2496 881 2536 Francorulm
906 2497 994 2528 euius
1018 2507 1081 2527 non
1105 2500 1179 2527 ante
1204 2495 1333 2537 reliquit

542 2548 623 2579 Tam
649 2549 752 2579 clarus
775 2549 926 2590 princeps
949 2549 1095 2590 regimen
1120 2558 1217 2590 quam
1242 2547 1377 2589 sumpsit
1399 2545 1432 2577 id
1456 2546 1546 2576 alter.

1784 145 1822 173 53

1567 228 1614 255 811

1569 712 1619 736 >512

1576 1678 1598 1696 ιι)

280 2677 328 2703 281
349 2679 490 2710 equiuocus
509 2678 550 2708 (us
570 2678 647 2702 latius
665 2678 817 2702 distractum
836 2679 915 2703 erasit
933 2683 955 2703 et
972 2679 1086 2710 repetii-lt
1104 2687 1136 2703 m.
1151 2678 1176 2708 2)
1200 2678 1234 2702 Gl
1311 2676 1362 2702 288
1381 2678 1487 2701 Maxma
1508 2677 1530 2700 (ι’

176 2725 236 2753 fort.
256 2731 331 2754 quam

347 2741 352 2746 .
364 2741 369 2745 .
382 2741 387 2746 ,
398 2722 537 2754 proficuam

624 2720 675 2745 294
693 2722 767 2746 ambe
786 2721 826 2746 B:
846 2722 921 2746 ambo
943 2722 965 2745 G
1053 2720 1105 2746 320
1124 2721 1234 2753 reliquid
1255 2722 1278 2745 G

279 2799 329 2824 317
349 2801 431 2824 metus
450 2797 513 2823 hinc
529 2796 649 2830 ¹qentibus
669 2797 791 2824 incussus
809 2805 854 2823 cas
874 2797 953 2823 vetuit
971 2805 1089 2831 sperare.

1602 2674 1651 2700 291
1672 2675 1791 2707 precibus
1813 2674 1834 2697 G
