2148 3110
545 168 658 195 GESTA
681 166 905 194 BERENGABH
927 165 1185 192 LMPERATORls.
1206 180 1236 184 ——
1258 165 1450 191 APPENDIX.
1764 168 1825 197 403

536 255 589 287 Sic
612 255 690 286 mihi
714 255 835 294 similis,
861 265 958 296 quem
982 254 1100 296 prebet
1122 254 1251 296 pagina,
1277 263 1398 291 versus,

578 307 701 339 Ultima
725 307 801 338 dum
826 311 973 338 extrema
997 307 1110 348 pangit
1133 305 1255 337 arundo
1281 309 1382 336 notas.

482 372 492 390 5
539 359 601 394 Qui
624 360 726 390 nescit
749 359 901 397 scribere,
924 369 988 390 non
1013 362 1105 400 putat
1129 368 1200 389 esse
1225 357 1387 392 laborem;

538 411 681 453 Ideoque
707 411 852 450 obsecro,
1053 414 1143 441 orate
1167 420 1224 452 pro
1250 410 1450 451 scriptorem,

538 463 582 494 Ut
607 463 702 494 deum
727 466 824 505 atque
850 462 1015 494 dominum
1049 462 1170 494 habeat
1194 465 1422 504 protectorem.

987 587 1017 608 11.

537 637 746 680 Egregioque
770 637 854 679 patri
877 637 926 668 fer
949 636 1093 667 codicem
1116 636 1271 678 milleque
1298 645 1422 677 preces,

580 689 712 720 Summo
737 689 805 720 Azo
830 688 960 719 domino
985 688 1222 729 magnificoque
1248 688 1326 726 viro,

539 740 644 776 Quem
670 740 802 772 decorat
825 740 940 782 pietas,
966 749 1061 781 quem
1086 738 1205 770 Christi
1229 739 1334 780 gratia
1358 737 1494 769 adornat

580 792 725 824 Moribus
748 793 780 824 in
804 792 925 823 cunctis
949 792 1073 823 actibus
1097 794 1193 833 atque
1218 791 1287 832 piis.

481 858 492 875 5
538 844 668 876 Gaudet
691 845 770 876 inire
795 845 890 882 viam,
916 854 979 885 qua
1003 842 1107 874 tendit
1130 842 1172 873 ad
1196 842 1337 874 aetheris
1361 842 1482 877 aulam;

581 896 723 927 Tramite
746 897 865 936 iustitie
891 896 1069 927 transvolat
1092 895 1146 926 ille
1170 895 1250 937 pius.

539 947 705 990 Quotquot
727 948 760 979 in
784 947 938 978 aethereo
964 947 1145 978 clarescunt
1169 946 1275 977 sidera
1299 947 1399 985 caelo,

582 999 644 1031 Tot
667 1001 762 1031 flores
785 1000 818 1030 in
842 999 964 1041 campis
988 999 1052 1029 iam
1076 998 1288 1040 redolentque
1311 999 1415 1029 novis:

537 1051 606 1084 Nec
630 1053 733 1084 minus
758 1052 834 1083 obto
858 1051 951 1083 vobis
975 1051 1092 1082 devoto
1118 1050 1214 1082 corde
1239 1051 1369 1090 salutes.

468 1119 492 1137 10
582 1105 609 1137 O
635 1105 732 1137 decus
757 1105 924 1143 ecclesiae,
949 1105 1065 1136 nobilis
1089 1108 1186 1146 atque
1210 1107 1313 1146 pater.

539 1157 652 1189 Clarus
677 1161 708 1189 et
731 1158 860 1199 ingenio
886 1157 1043 1188 clarescet
1069 1166 1201 1187 munere
1228 1155 1357 1195 Christi,

580 1209 676 1241 Utilis
702 1210 841 1252 eloquio⁷
867 1209 980 1240 fertilis
1005 1214 1102 1250 atque
1127 1219 1233 1240 manu.

539 1261 672 1292 Mitibus
696 1272 731 1292 es
755 1262 851 1293 mitis.
877 1261 944 1292 sine
970 1260 1150 1291 dolo-felle
1175 1260 1339 1291 columba:

581 1313 667 1344 Dum
690 1318 786 1344 nocet
809 1313 862 1344 ille
887 1313 990 1355 lupus,
1017 1323 1050 1343 es
1075 1313 1142 1343 ovis
1166 1313 1251 1343 inter
1275 1322 1361 1342 oveS.

468 1378 492 1398 15
538 1365 756 1404 sanctissime,
782 1366 852 1396 vale
878 1375 949 1396 oum
973 1365 1079 1406 gratia
1102 1365 1212 1406 magni
1237 1363 1377 1395 decoris:

584 1417 634 1449 Sis
658 1428 782 1448 memor
806 1417 890 1458 (oro)
914 1417 987 1455 mei,
1012 1420 1047 1447 ut
1072 1416 1150 1448 deus
1176 1426 1251 1447 ecee
1276 1416 1331 1447 tui.

540 1469 590 1501 Tu
613 1470 723 1500 valeas
748 1479 878 1511 semper
900 1480 958 1511 per
981 1470 1081 1500 multa
1106 1469 1262 1500 curricula
1287 1468 1337 1499 evi

582 1521 625 1552 Et
647 1532 776 1553 merear
799 1521 891 1553 vobis
915 1522 1060 1552 servulus
1084 1531 1185 1563 parva
1209 1521 1290 1551 loeo.

541 1573 693 1604 Continet
715 1574 747 1605 in
770 1574 877 1615 parvis
900 1578 1082 1604 nostrorum
1107 1572 1193 1604 dicta
1216 1573 1403 1614 priscorum.

469 1680 494 1700 20
540 1669 670 1711 Aspice,
696 1668 785 1705 deus.
953 1668 992 1699 de
1018 1668 1165 1710 supernis
1189 1667 1330 1706 sedibus,

542 1720 630 1757 Quos
654 1720 830 1762 Agifredus
955 1720 1097 1751 condidit
1120 1720 1314 1751 versiculum

540 1772 591 1804 De
617 1772 745 1804 domino
769 1773 880 1804 Azone
952 1773 1020 1803 viro
1046 1773 1278 1808 sacratissimo3

540 1825 578 1857 In
601 1829 656 1856 tuo
681 1836 781 1867 regno
950 1825 1000 1856 fac
1026 1835 1099 1856 eum
1124 1824 1323 1866 dignissimo.

540 1877 677 1909 Placeat
701 1878 759 1909 tibi
952 1881 1050 1919 atque
1074 1881 1129 1908 tuo
1154 1877 1230 1916 filio,

472 1943 496 1961 25
543 1929 604 1965 Qui
628 1934 734 1960 tecum
758 1936 874 1971 regnat
955 1933 987 1960 et
1011 1940 1083 1960 eum
1107 1934 1216 1960 sanct-o
1241 1929 1353 1970 spiritu

541 1981 606 2013 Per
628 1981 750 2012 infinita
953 1982 1061 2013 secula
1086 1986 1118 2013 et
1142 1981 1325 2012 seculorum
1349 1980 1457 2011 seculi.

174 2113 265 2138 ibidem
291 2123 315 2145 p.
338 2114 388 2145 75).
426 2114 479 2137 Ars
505 2114 559 2140 fere
582 2113 669 2137 nulla:
697 2121 775 2144 neque
803 2113 868 2137 enim
896 2117 955 2137 sunt
980 2117 1044 2137 recle
1067 2113 1132 2142 facti
1153 2113 1294 2137 hexametri
1316 2110 1534 2144 ‘'Lanyobardz'cl’,
1564 2119 1580 2134 α
1601 2118 1710 2142 quorum
1737 2108 1831 2141 legibue

175 2157 296 2181 abhorret
313 2157 433 2181 clausula
454 2161 479 2178 II
496 2158 525 2181 19
543 2157 609 2181 dieta
629 2157 777 2188 priscorum,
796 2165 950 2188 quamquam
963 2155 1192 2187 ‘Lanqobardicos’
1204 2165 1291 2181 versus
1309 2161 1383 2187 poeta
1400 2156 1488 2185 facere
1502 2155 1585 2179 voluit.
1618 2154 1658 2178 Ab
1671 2151 1832 2178 emendando

175 2204 248 2232 atque
267 2200 342 2224 etiam
361 2209 377 2223 a
397 2200 616 2224 terminationibus
635 2199 793 2231 corriqenclis
811 2199 987 2223 abssinenclum
1013 2206 1059 2229 ese,
1084 2200 1202 2232 etsifieri
1220 2200 1313 2232 poluit,
1338 2204 1364 2222 vt!
1384 2198 1511 2222 nonnulla
1530 2197 1638 2221 librario
1658 2206 1708 2221 ηοιι
1728 2195 1833 2227 aequali

175 2243 327 2268 debeantur:
346 2243 409 2268 sedit
428 2244 481 2267 Azo
500 2244 631 2275 episcopus
651 2242 834 2274 Eporediensis
852 2243 921 2267 circa
940 2251 964 2266 a.
982 2244 1038 2271 876,
1056 2242 1135 2267 codar.⁸
1154 2247 1237 2267 autem
1256 2250 1321 2266 saec.
1337 2241 1364 2264 X
1379 2241 1492 2266 excuntis
1510 2249 1561 2265 esse
1580 2240 1682 2264 dicitur.

279 2293 295 2310 ιι
314 2285 348 2310 2-2
362 2290 464 2317 poterat
483 2286 583 2310 Domuo
602 2286 682 2310 Azoni
771 2285 804 2310 26
821 2290 922 2317 poterae
942 2286 990 2309 Per
1008 2285 1108 2310 infinita
1127 2285 1271 2310 seculorum
1292 2284 1379 2309 secula

280 2363 295 2388 4
314 2363 330 2387 i.
350 2370 370 2388 e.
390 2364 526 2388 eur-emas.

281 2422 296 2439 ιι
316 2415 331 2440 5
351 2414 367 2440 i.
384 2422 404 2439 e.
417 2413 505 2447 quae?
595 2414 607 2438 7
621 2422 673 2446 sqq.
688 2414 722 2445 cf.
738 2412 929 2444 Blnellenhoff-
937 2412 1239 2447 Scherer-Steinmeyer,
1260 2412 1439 2438 Denknm'lerffi
1459 2411 1496 2437 II
1506 2419 1534 2445 p.
1552 2413 1599 2437 152
1612 2418 1664 2443 sqq.
1750 2410 1782 2436 13
1800 2410 1834 2441 cf.

176 2465 271 2491 Matth.
292 2468 331 2497 10,
344 2468 380 2491 16.
471 2466 502 2491 19
521 2473 556 2491 se.
579 2464 743 2491 Ps.-Isz'd0rt
762 2464 902 2491 decretales
922 2464 973 2497 (ed.
993 2464 1141 2491 Hinsclzius
1157 2473 1186 2498 p.
1209 2463 1314 2496 XLV).

1574 2863 1627 2887 ὁὶ*
