2148 3110
874 138 954 165 LIOS
973 138 1156 165 MONOCUS.
1782 139 1843 168 283

551 227 661 258 Mente
686 226 828 258 crucifixi
852 236 962 257 secum
987 235 1126 267 seroque
1151 225 1279 266 sepulti7

553 279 697 321 Corpore
723 289 784 320 quo
808 278 931 320 pariter
955 288 1123 319 surgamus
1146 287 1204 308 nos
1230 276 1316 318 apud
1338 277 1429 307 illum

551 331 733 372 Regnaque
758 334 923 362 consortes
946 333 1156 372 penetrantes
1181 329 1287 370 ampla
1313 329 1461 371 polorum

470 395 507 414 155
552 383 702 414 Heredes
726 392 856 424 semper
878 392 1067 413 maneamus
1091 381 1176 422 sedis
1201 384 1346 412 onestae.

594 434 688 465 Idem
712 434 825 465 doctor
849 435 894 465 ait
916 434 1025 465 veraci
1048 434 1168 464 famine
1191 437 1301 464 notus:

552 485 636 517 ‘Vile
661 486 792 528 quidem
817 485 964 517 dominus
989 485 1201 527 deformeque
1224 485 1345 516 iudicat
1370 495 1452 523 esse,

551 538 670 569 Nobile
696 538 784 580 quod
807 542 918 569 rentur
940 538 1096 569 mortales
1119 538 1180 569 rite
1206 537 1400 579 decensque.

472 603 509 621 159
553 590 707 632 Ignarum
732 590 949 632 stolidumque
974 590 1034 621 deo
1059 594 1152 632 patet
1175 590 1397 631 omnipotenti,

471 655 508 674 166
554 642 649 678 Quod
673 653 809 684 gnarum
835 643 1028 684 sapiensque
1052 646 1168 684 putant
1191 642 1338 673 homines
1362 641 1551 675 manifeste:

472 707 509 725 ιω
551 695 729 735 infirmum,
752 694 930 726 invalidum
953 694 1166 736 tepidumque
1191 694 1253 725 deo
1277 698 1456 736 reputatur,

553 745 647 782 Quod
669 746 803 778 laudant
827 747 915 778 stulti
938 750 1029 777 tanta
1051 747 1083 777 vi
1107 746 1245 789 denique
1270 747 1368 783 forte;

553 798 715 834 Qujddam
739 799 920 841 dispectum
944 809 983 829 ac
1004 798 1137 830 foedum
1158 799 1398 841 reprobumque
1423 801 1588 829 tonantem

553 851 657 882 Maius
681 851 769 893 apud
793 851 956 882 dominum
982 851 1122 893 quadam
1147 851 1319 882 dulcedine
1344 852 1454 891 claret,

554 904 713 935 Proicitur
736 904 882 945 quamvis
906 903 1053 945 dilysum,
1078 904 1239 945 spernitur
1262 902 1382 946 atque’.

474 969 510 987 165
597 956 709 988 Fantis
732 957 812 987 item
836 966 925 996 sacre
949 956 1105 997 scripture
1130 956 1279 987 summite
1305 956 1400 994 dicta„

474 1021 511 1040 ιεῖ
557 1008 649 1044 Quae
674 1019 731 1040 vos
756 1009 904 1050 castigat,
929 1008 1049 1048 dicens3
1074 1019 1133 1039 ceu
1155 1012 1260 1039 mater
1285 1012 1413 1039 onesta:
1717 1004 1763 1035 fol.
1779 1006 1837 1028 211⁰

554 1061 668 1092 ‘Maius
690 1061 813 1092 habere
837 1060 935 1091 deum
959 1071 1056 1102 quam
1080 1060 1166 1102 quid,
1191 1064 1285 1102 turpe
1310 1060 1538 1101 stolidumque.

553 1113 622 1144 Aut
644 1113 742 1144 karos
767 1113 822 1155 qui
844 1123 909 1143 non
932 1113 1098 1154 genitores
1121 1116 1226 1143 morte
1251 1112 1413 1143 karebunt

474 1178 510 1197 lm
555 1165 621 1197 Seu
646 1176 725 1207 quos
748 1166 870 1197 vicinos
895 1165 1034 1196 dormire
1058 1164 1174 1196 videtis
1200 1165 1330 1196 amicos.
1357 1184 1399 1187 ——

554 1217 679 1260 Perpes
703 1218 789 1249 enim
816 1217 973 1256 dominus,
999 1217 1053 1259 qui
1076 1217 1177 1248 trinus
1205 1221 1330 1248 constat
1355 1221 1388 1248 et
1413 1227 1504 1255 unm,

555 1271 664 1312 Atque
688 1270 752 1301 fide
777 1269 913 1301 credens
936 1270 968 1300 in
993 1280 1067 1300 eum
1091 1269 1247 1311 gaudebit
1269 1270 1301 1300 in
1326 1269 1437 1310 ethra'.

553 1322 677 1354 Idcirco
702 1322 833 1353 fraudes
856 1323 996 1353 vitantes
1021 1322 1118 1353 corde
1142 1322 1303 1364 malignas

553 1374 671 1406 Mentis
695 1385 804 1406 amare
830 1374 927 1405 deum
952 1384 1081 1415 semper
1106 1374 1233 1405 debetis
1258 1384 1380 1411 amore,

474 1439 510 1457 175
555 1426 599 1457 Ut
623 1437 733 1458 secum
756 1427 903 1468 requiem
927 1437 1028 1468 regno
1054 1427 1193 1457 teneatis
1217 1427 1249 1457 in
1274 1427 1339 1457 alto

555 1477 731 1510 consortes
755 1478 840 1510 sedis
865 1479 994 1518 celestis
1019 1479 1257 1510 caelicolarum.

597 1531 727 1573 Eloquii
750 1542 858 1562 rursus
882 1531 1067 1562 kastissima
1091 1531 1193 1562 verba
1217 1534 1338 1569 tenete,

556 1583 625 1624 Que
650 1583 771 1615 domini
794 1584 915 1614 famulo
940 1584 1047 1615 veraci
1071 1584 1218 1625 precipit,
1243 1584 1349 1614 aiens:

554 1636 727 1667 ‘Promtius
749 1635 882 1677 indulge
907 1636 1011 1667 vicino
1037 1639 1146 1666 mente
1170 1636 1316 1671 nocenti:

475 1701 512 1719 iso
556 1688 599 1719 Et
622 1695 697 1719 tunc
722 1688 930 1730 congaudens
955 1688 1102 1719 dominus
1127 1692 1182 1719 tua
1206 1688 1307 1719 verba
1330 1690 1474 1718 resumet

554 1740 603 1771 Ac
628 1741 686 1772 tibi
710 1740 850 1771 dimittet
872 1741 1061 1782 peccamina
1085 1740 1194 1771 karnis
1218 1740 1338 1782 inepta7

556 1792 617 1828 Qui
642 1793 764 1824 cunctis
789 1793 897 1824 dicens
921 1792 1038 1824 indixit
1061 1793 1182 1823 famina
1206 1799 1310 1823 certa:

555 1844 736 1886 Indulgetis
760 1845 845 1875 enim
869 1845 895 1875 si
918 1855 983 1876 non
1006 1845 1093 1876 mala
1116 1844 1268 1875 fratribus
1293 1847 1375 1882 acta,

555 1896 625 1927 Nec
648 1897 740 1928 vobis
764 1897 911 1928 dominus
935 1896 1075 1927 dimittet
1099 1897 1231 1927 crimina
1254 1895 1384 1927 vestra’.

477 1961 512 1980 185
559 1948 709 1990 Quisquis
734 1949 819 1979 enim
846 1948 1008 1980 Christum
1033 1949 1180 1980 recolens
1205 1952 1341 1990 peccata
1365 1948 1491 1979 relaxat

555 2001 681 2041 Vicino,
705 2012 844 2043 poscens
871 2001 981 2033 delicti
1006 2001 1081 2032 labe
1106 2001 1249 2042 maligna

556 2052 694 2084 Securus
718 2053 773 2084 fiet
797 2053 927 2084 domino
953 2054 1100 2084 solvente
1126 2053 1229 2084 fideli:

291 2176 341 2202 153
359 2177 473 2209 Corpora
494 2176 529 2200 Ρι
620 2175 669 2199 155
688 2181 797 2200 onustae
817 2175 854 2202 P,-
876 2176 909 2207 (γ’.
928 2184 950 2199 ν.
964 2176 1006 2200 38.
1026 2176 1065 2199 87.
1150 2173 1199 2198 158
1218 2173 1339 2198 mortales
1360 2173 1406 2197 rite
1427 2173 1451 2196 in
1472 2181 1524 2197 ras.
1546 2172 1570 2196 P
1652 2170 1702 2196 159
1721 2172 1766 2196 deo
1786 2175 1854 2203 patet

187 2221 355 2253 omnipotenti
377 2221 405 2245 in
427 2229 480 2244 ras.
499 2220 524 2244 P
621 2218 670 2243 166
694 2219 901 2250 transpositionis
927 2219 999 2250 siquo
1025 2218 1114 2242 addito
1141 2218 1167 2241 in
1194 2218 1242 2241 ιἠιο
1268 2217 1332 2246 sulio
1352 2219 1414 2240 211⁷
1437 2215 1472 2240 Ρι
1571 2214 1620 2239 163
1643 2215 1703 2239 ᾱῆω
1732 2214 1760 2246 (ιι
1780 2223 1810 2238 ez
1829 2223 1853 2238 111

187 2264 265 2293 corr.)
286 2263 310 2287 P
401 2262 450 2287 164
469 2263 608 2287 Proiicitur
627 2262 661 2286 P¹
722 2262 825 2286 dilisum
851 2262 877 2286 in
897 2262 1008 2294 ‹lilysum
1029 2261 1073 2291 (z.-
1094 2259 1253 2289 ‹halvzo'm›
1272 2269 1338 2284 corr.
1360 2258 1396 2288 P;
1413 2259 1519 2283 ‹lh-isam
1539 2259 1584 2289 (=
1603 2258 1728 2289 derisum)
1754 2257 1854 2281 Traube

187 2305 236 2330 119
258 2303 375 2330 Pomtius
394 2305 418 2330 P
435 2306 469 2337 (et
487 2306 522 2330 sic
541 2315 562 2331 υ.
578 2309 621 2331 195
639 2312 751 2338 porsus;
767 2310 858 2336 postea
878 2316 927 2331 non
948 2305 1072 2338 amplius)
1161 2304 1211 2329 184
1232 2304 1350 2328 domiuus
1369 2311 1401 2327 ss.
1421 2302 1446 2326 P

292 2383 342 2408 156
360 2390 412 2415 sqq.
432 2382 509 2408 Paul.
529 2381 566 2407 ad
586 2381 642 2407 Cor.
657 2382 678 2407 I
692 2385 715 2414 3,
732 2386 760 2407 19
778 2381 919 2415 sapientia
942 2382 1015 2408 enim
1036 2381 1117 2407 huius
1137 2380 1234 2406 mundi
1255 2379 1379 2405 stultitia
1400 2381 1441 2405 est
1459 2379 1534 2412 apud
1554 2378 1643 2404 deum.
1734 2378 1784 2403 165
1802 2385 1854 2410 sqq.

188 2433 283 2460 Matth.
298 2437 338 2466 10,
352 2437 385 2460 37
402 2434 449 2467 qui
469 2436 545 2460 amat
564 2435 673 2467 patrem
692 2435 741 2459 aut
760 2435 877 2459 matrem
898 2434 959 2467 plus
979 2442 1063 2467 quam
1082 2441 1140 2464 me,
1164 2440 1219 2458 non
1241 2434 1282 2458 est
1300 2440 1344 2457 me
1363 2431 1476 2465 dignus:
1495 2435 1519 2463 8,
1540 2434 1570 2456 21
1588 2439 1640 2463 sqq.
1660 2429 1739 2456 Alius
1759 2431 1853 2455 autem

188 2484 223 2510 de
241 2484 387 2518 discipulis
406 2485 465 2511 eius
484 2485 525 2511 ait
544 2485 601 2511 illi:
627 2485 761 2517 Uomine,
782 2485 922 2519 permitte,
943 2493 987 2510 me
1006 2485 1127 2518 primum
1148 2484 1187 2510 ire
1207 2485 1235 2509 et
1255 2484 1371 2517 sepelire
1390 2484 1499 2517 patrem
1518 2482 1627 2508 nieum'.
1666 2482 1740 2507 Iesus
1760 2482 1853 2506 autem

188 2538 230 2563 ait
246 2538 302 2563 illi:
326 2538 454 2571 ‘Sequere
477 2547 520 2564 me
543 2541 572 2564 et
596 2539 708 2565 dimitte
732 2541 856 2565 mortuos
882 2539 1001 2572 sepelire
1021 2540 1144 2564 mortuos
1164 2537 1243 2567 suos&
1270 2536 1330 2562 1072.
1349 2543 1383 2561 er.
1398 2538 1422 2567 3,
1440 2538 1468 2560 15
1489 2536 1519 2560 ut
1539 2533 1629 2560 omnis
1648 2533 1697 2566 qui
1717 2532 1805 2559 credit
1824 2532 1853 2557 in

189 2590 287 2623 ipsum,
307 2598 362 2616 non
381 2592 484 2624 pereat,
504 2591 551 2616 sed
570 2591 673 2616 habeat
691 2591 779 2617 vitam
798 2593 947 2617 aeternam.
1029 2591 1076 2616 177
1096 2598 1150 2623 sqq.
1171 2588 1269 2615 Matth.
1283 2593 1304 2620 5,
1319 2590 1350 2613 23
1362 2595 1399 2620 sq.
1420 2587 1448 2612 Si
1468 2595 1534 2620 ergo
1554 2585 1633 2612 offers
1652 2593 1752 2611 munus
1772 2586 1850 2610 tuum

188 2642 224 2668 ad
243 2642 331 2668 altare
351 2643 379 2667 et
397 2642 437 2668 ibi
451 2643 609 2669 reeordatus
628 2643 721 2673 fueris,
741 2643 809 2676 quia
828 2644 912 2669 frater
926 2646 991 2669 tuus
1009 2642 1095 2668 habet
1108 2641 1217 2675 aliquid
1230 2640 1377 2666 adversum
1398 2641 1434 2670 te,
1454 2638 1581 2671 relinque
1601 2637 1640 2663 ibi
1654 2645 1754 2663 munus
1773 2638 1852 2661 tuum

188 2696 254 2719 ante
277 2694 366 2720 altare
389 2696 418 2719 et
437 2694 506 2720 vade
530 2695 606 2728 prius
629 2695 803 2721 reconciliari
827 2696 907 2722 fratri
932 2698 981 2722 tuo
1007 2697 1035 2721 et
1060 2697 1127 2721 tune
1150 2693 1265 2720 veniens
1289 2692 1386 2719 offeres
1411 2700 1512 2717 munus
1538 2692 1626 2716 tuum*
1732 2689 1780 2714 182
1799 2695 1852 2720 sqq.

191 2746 288 2772 Mami.
310 2749 332 2778 6,
348 2751 377 2772 14
389 2754 425 2779 sq.
453 2746 480 2772 Si
500 2747 573 2772 enim
593 2746 755 2773 dimiseritis
774 2748 933 2774 hominibus
952 2750 1068 2782 peccata
1087 2755 1194 2776 eorum,
1222 2745 1349 2771 dimittet
1369 2746 1396 2770 et
1415 2743 1493 2770 vobis
1514 2744 1595 2776 pater
1614 2743 1705 2767 vester
1725 2739 1853 2766 caelestis

189 2797 292 2824 delicta
311 2800 414 2826 vestra:
434 2799 455 2824 si
475 2801 568 2824 autem
587 2807 642 2825 non
661 2799 822 2825 dimiseritis
843 2799 1011 2831 hominibus,
1030 2807 1081 2825 nec
1100 2800 1180 2832 pater
1200 2800 1292 2823 vester
1311 2796 1438 2822 dimittet
1457 2795 1536 2821 vobis
1557 2795 1672 2828 peccata
1691 2794 1791 2817 vestra.

1595 2846 1644 2870 36*
