2148 3110
431 160 476 186 DE
498 160 585 186 VITA
606 159 650 184 ET
669 157 866 184 MIRACULIS
887 157 933 183 ET
954 157 1000 182 DE
1019 156 1305 183 TRANsLATIONE
1326 157 1457 183 SANo'H
1477 157 1655 183 GERMANI.

464 246 506 278 ΙΙ.
553 248 581 276 9.

607 245 686 276 Inde
711 246 793 276 vires
817 245 1005 275 instauravit

604 298 669 328 Per
693 308 787 338 quam
812 297 897 327 facta.
920 297 1050 337 potione

1152 244 1284 275 zabulus
1308 255 1367 286 per
1390 245 1496 281 aliam„

1152 306 1286 338 puerum
1313 297 1527 337 extingueret.

538 352 579 380 w.
606 349 699 379 Hanc
724 348 846 378 urendo
871 348 1085 378 inflammarat
1152 348 1224 378 talis
1249 349 1392 383 avaritia.

605 401 762 436 Quatinus
786 400 1024 431 haereditatem
1152 401 1253 431 saneti
1278 401 1321 431 sic
1346 400 1538 442 adquireret.

537 457 580 485 ll.
605 454 740 494 Iamque
765 456 858 494 parat
875 453 959 483 virus
984 455 1105 489 sancto.
1151 456 1245 494 parat
1268 453 1375 483 vinum
1400 453 1464 483 filio

606 505 697 545 (Erat
720 505 746 535 is
771 515 865 535 carne
890 505 1097 546 propinquus7
1150 505 1181 535 in
1206 505 1357 536 discendo
1384 506 1514 544 socius):

536 559 579 589 12.
605 557 670 588 Sed
695 557 802 598 puella
826 567 903 587 vasa
927 560 1053 587 mutans
1153 557 1238 587 virus
1263 557 1318 588 dat
1343 558 1511 589 Stratidio:

605 609 723 640 Vinum
745 609 879 650 sumpsit
900 609 1104 650 propinatum
1155 609 1336 640 Germanus
1361 610 1542 640 infantulus.

538 666 580 693 13.
608 662 678 698 Qua
701 664 866 703 comperta
889 664 994 691 mater
1015 662 1108 702 eulpa.
1154 672 1230 692 mox
1254 663 1396 703 puellam
1420 663 1574 703 increpat„

608 714 676 745 Sibi
701 724 772 744 eam
798 713 974 743 extinxisse
1155 713 1254 744 filium
1279 714 1465 744 inclamitat.

539 770 582 798 14.
608 766 669 802 Qui
694 767 718 796 si
743 766 841 796 vitam
865 776 928 796 non
952 765 1067 804 amisit.
1154 767 1271 796 mansit
1294 770 1403 797 tamen
1429 767 1575 799 discolor.

606 819 650 850 Ut
674 819 798 849 virtutis
821 821 906 848 esset
930 818 1055 859 signum
1156 819 1326 860 meritique
1351 820 1484 861 parvuli.

452 873 510 903 III.
542 875 586 903 15.
611 871 754 902 Moribus
778 870 921 900 honestis
946 870 1060 900 erese-it
1156 871 1318 902 institutus
1343 872 1475 908 iuvenis.

609 923 773 954 Virtutum
800 923 902 953 cultor
927 922 1080 961 existens.
1159 926 1285 954 amator
1309 924 1476 954 ecelesiae.

540 978 585 1007 16.
610 975 699 1006 Intra
724 978 815 1005 terna
839 975 938 1004 lustra
963 975 1048 1005 claro
1156 975 1313 1017 Agripino
1339 976 1486 1017 praesule

610 1027 788 1058 Ordinante
813 1026 848 1057 fit
872 1026 986 1057 <livinis
1159 1028 1304 1058 minister
1328 1028 1449 1060 officiis.

541 1083 584 1112 17.
609 1080 797 1111 Praesbiter
822 1078 937 1110 deliine
957 1082 1110 1115 sacratus,
1157 1080 1242 1111 abba
1267 1081 1468 1111 constituitur

608 1132 661 1163 Ad
677 1135 821 1162 sanctum
838 1131 1109 1173 Symphorianum
1155 1133 1385 1163 monachorum
1410 1133 1551 1164 meritus.

540 1186 584 1216 18.
608 1184 768 1215 Enarrare
793 1194 888 1214 nemo
912 1187 1032 1225 potest,
1159 1185 1287 1225 qualem
1313 1196 1346 1215 se
1372 1186 1547 1216 confecerit

609 1235 812 1268 Abstinendo
838 1235 1000 1276 vigilando
1155 1237 1239 1267 ultra
1263 1237 1366 1268 factus
1390 1238 1592 1269 monachum.

539 1291 584 1321 19.
609 1289 815 1330 Elemosynis
839 1288 988 1330 profusus
1159 1289 1190 1319 in
1216 1292 1338 1320 'tantuin
1364 1291 1526 1329 extiterat,

609 1341 654 1372 Ut
677 1352 736 1372 nec
761 1341 851 1382 panis
875 1340 1042 1378 resideret,
1159 1342 1275 1372 fratres
1300 1353 1362 1383 quo
1387 1343 1567 1374 reficerent.

535 1394 585 1425 20.
610 1393 704 1423 Unde
729 1403 830 1434 grege
855 1396 1072 1423 murmura-nte
1159 1393 1228 1434 ipse
1253 1395 1355 1435 inagis
1381 1394 1496 1426 doluit:

613 1444 710 1475 Cuius
734 1454 848 1485 preces
873 1444 1084 1486 lacrimasque
1159 1456 1265 1476 rerum
1291 1446 1384 1477 dator
1407 1447 1553 1488 suscipit:

536 1498 586 1528 21.
610 1496 735 1527 Nobilis
760 1498 907 1526 matrona
932 1496 1027 1526 Anna
1160 1498 1267 1528 statim
1293 1497 1355 1529 duo
1381 1503 1528 1540 saginata

610 1549 729 1590 Dirigit
754 1559 824 1579 cum
849 1559 932 1590 pane
958 1552 1064 1581 cocto:

559 1608 586 1634 ⁵.
612 1603 687 1634 Alia
711 1602 858 1643 sequenti
883 1601 934 1632 die

611 1655 692 1686 Cum
717 1665 844 1685 annona
868 1664 972 1695 aeque
997 1655 1094 1695 plena

581 1733 586 1739 .
611 1708 689 1739 Viso
714 1717 854 1749 namque
880 1710 968 1737 tanto
994 1707 1108 1737 fratres

609 1760 724 1791 Fidem
749 1760 822 1790 iusti
848 1758 1045 1789 admirantes

537 1818 543 1826 ⁵
581 1838 587 1844 .
611 1812 697 1843 Hine
721 1812 855 1842 virtutes
880 1814 1101 1842 memorentur

452 1916 510 1948 IV.
535 1918 585 1947 25.

613 1863 683 1900 Quo
708 1864 821 1894 lectori
848 1866 974 1894 textum
999 1863 1083 1894 absit

612 1915 761 1951 Quadam
780 1915 830 1946 die
851 1915 957 1946 cibum
975 1925 1115 1953 sumens,

611 1968 740 2010 Aquam
758 1967 895 1998 fundens
913 1967 1010 1997 modo
1027 1967 1138 2005 crucis,

566 2022 588 2050 Ἰ.
614 2021 738 2061 Agrum
761 2020 873 2055 saneti,
899 2030 994 2061 quem
1013 2020 1137 2059 invasit,

613 2072 695 2103 Urso
721 2082 792 2103 sese
818 2072 999 2113 castigante

583 2150 588 2156 .
614 2124 694 2154 Tres
718 2125 803 2155 illius
828 2134 929 2165 equos
956 2124 1037 2159 tulit.

615 2176 733 2207 Sancto
759 2176 890 2207 tandem
918 2180 1076 2207 exorante

1160 1549 1272 1581 laudes
1298 1550 1413 1581 dantur
1437 1551 1576 1583 domino.

1161 1602 1333 1633 destinavit
1357 1604 1501 1644 protinus

1160 1656 1304 1696 carpenti
1330 1656 1486 1686 vehicula.

1162 1710 1323 1738 terrentur
1346 1708 1510 1745 miraculo,

1162 1760 1378 1801 meritumque
1403 1761 1521 1791 nobile.

1162 1812 1233 1842 stilo
1259 1812 1349 1843 brevi
1374 1813 1528 1854 reliquae.

1160 1863 1304 1894 fastidire
1329 1865 1486 1894 carminis.

1161 1916 1291 1946 flamma
1316 1916 1445 1946 foenum
1471 1916 1615 1957 corripit:

1162 1967 1246 2008 ignis
1270 1968 1354 2008 perit
1378 1968 1548 2010 crepitans.

1162 2019 1328 2050 Kariult'us
1354 2021 1482 2050 nomine

1162 2071 1351 2102 reformavit
1375 2073 1509 2102 concite.

1165 2134 1232 2154 sex.
1259 2128 1291 2154 et
1314 2134 1431 2154 novem
1456 2124 1574 2155 bestia:

1164 2180 1269 2206 eessat
1292 2177 1488 2218 pestilentia.

454 2228 509 2259 VI.
536 2229 585 2259 28.
610 2228 796 2259 Postulatus
822 2238 840 2258 a
864 2228 1007 2269 benigno
1162 2229 1312 2270 praesule
1338 2229 1492 2269 Agricola

614 2281 754 2312 Puerum
780 2281 871 2311 febre
898 2284 1083 2322 torpentem
1164 2280 1314 2311 liberavit
1338 2281 1530 2322 supplicans.

438 2333 512 2364 VII.
539 2334 588 2364 29.
614 2332 752 2364 Ebronis
776 2333 807 2363 in
835 2332 966 2363 domum
991 2333 1122 2368 intrans,
1165 2343 1247 2363 uxor
1271 2333 1388 2363 clamat
1413 2333 1528 2362 faciem

615 2384 656 2415 Se
681 2384 792 2415 videre
818 2385 921 2415 sancti
945 2385 1002 2415 viri
1166 2388 1331 2415 cornutam
1357 2394 1393 2414 ae
1412 2383 1630 2425 splendidam:

537 2438 587 2467 30.
627 2437 818 2468 Recordatur
842 2436 964 2478 Moysei
1167 2437 1271 2466 vultus
1297 2435 1459 2477 quondam
1484 2436 1609 2473 mulier,

614 2488 833 2530 Recognoscit
857 2489 888 2518 in
913 2488 1076 2519 Germano

1167 2488 1268 2529 ipsam
1295 2498 1364 2518 esse
1390 2488 1537 2529 gratiam.

330 2627 391 2658 13,1
412 2631 491 2652 matre
512 2627 647 2652 Gaudenzi
754 2627 815 2657 122
835 2628 982 2651 reticerent:
1005 2628 1037 2659 cs.
1058 2626 1163 2650 Krusch
1177 2634 1206 2657 p.
1228 2629 1264 2653 12,
1278 2628 1312 2650 21»

331 2713 362 2738 15
388 2712 501 2738 Fortun.
522 2721 550 2745 p.
573 2716 612 2744 12,
633 2717 661 2738 12
686 2713 806 2738 moribus
834 2712 957 2737 honestis
986 2712 1070 2737 alitus
1096 2714 1121 2737 et
1148 2712 1294 2737 institutus
1320 2713 1369 2737 est.
1478 2713 1508 2737 1⁴5
1532 2705 1659 2736 minister
1685 2710 1699 2734 i.
1721 2718 1739 2734 1⁷..
1764 2708 1892 2733 clamanus

225 2764 353 2796 (Fortun.
372 2772 397 2796 p.
420 2768 455 2795 12,
472 2768 517 2796 15).
608 2765 638 2790 17
658 2766 690 2795 ef.
710 2769 780 2795 ‹54,·.›,

226 2817 309 2850 plena
328 2816 452 2849 carpenti
473 2816 608 2841 vehicula.

869 2765 902 2790 22
924 2764 1041 2790 Fortun.
1059 2773 1089 2797 p.
1112 2770 1147 2791 12.
1162 2770 1194 2789 22
1213 2764 1339 2797 sequenti
1361 2763 1444 2788 etiam
1467 2763 1510 2787 *lie
1531 2771 1591 2787 cum
1611 2770 1721 2786 annona
1741 2760 1891 2785 destinavit

714 2817 747 2842 24
767 2817 885 2842 virtutes
905 2817 920 2842 i.
935 2826 956 2842 e.
978 2817 1121 2842 miracala.
1229 2817 1262 2841 25
1282 2825 1342 2841 cnm
1361 2815 1556 2840 mmo-tructione
1574 2816 1608 2845 cf.
1629 2819 1669 2839 39.
1691 2817 1728 2838 72).
