2148 3110
283 117 343 147 284
969 117 1046 143 LIOS
1066 117 1246 144 MONOCUS.

646 202 719 233 Non
744 202 884 244 prudens
908 203 961 234 alii
985 203 1114 234 sordem
1139 204 1330 246 quicumque
1355 208 1535 247 stuprosam

646 256 778 286 Peccati
802 257 914 298 parcit,
938 267 1002 287 non
1026 257 1124 287 ullam
1149 258 1267 299 quippe
1292 259 1429 289 salutem

564 319 599 337 190
644 307 819 349 Culparum
844 312 957 350 querat
981 308 1109 339 domino
1135 309 1274 340 dedente
1299 320 1436 340 suarum.

688 359 798 390 Fantis
822 361 899 390 item
924 360 1013 390 missi
1038 360 1156 391 dictum
1180 361 1292 391 scitote
1317 361 1439 402 fideles,
1788 365 1839 396 fol.
1854 366 1917 388 212»

646 410 740 446 Quod
764 412 884 442 cunctis
908 412 994 442 clara
1018 411 1127 443 dicens
1151 412 1319 443 adnuntiat
1344 413 1419 444 oda:

645 462 716 493 ‘Hie
739 466 831 494 utero
856 463 1013 505 siquidem
1037 465 1146 494 matris
1170 465 1269 505 gimni
1293 476 1400 496 sumus
1425 467 1498 496 orti:

644 514 728 545 Hinc
752 515 849 545 etiam
874 526 980 546 rursus
1005 516 1103 556 gimni
1127 516 1288 546 rediemus
1314 521 1441 551 euntes;

564 578 598 596 195
644 566 685 596 Et.
708 566 809 597 nudos
834 567 1011 608 foedos-que
1036 568 1151 598 iterum
1176 578 1304 609 prorsus
1329 568 1472 599 reditura

643 618 791 659 Accipiet
815 619 919 657 tellus,
945 629 1015 649 cum
1039 619 1109 649 finis
1134 620 1258 650 venerit
1283 620 1377 658 orbis,

644 669 776 701 Censori
800 671 876 701 secli
900 675 972 712 post
996 671 1088 701 huius
1112 675 1258 712 tempora
1282 673 1391 703 multa.

644 721 788 752 Mortalis
812 732 875 752 non
900 726 958 760 est,
983 723 1068 764 quod
1093 726 1238 764 tempore
1264 723 1371 754 deficit
1396 725 1460 763 olli,

642 773 704 804 Hic
728 775 802 815 quia
827 774 912 816 quod
936 775 1089 816 capimus,
1114 776 1295 816 linquentes
1319 777 1436 807 ibimus
1459 777 1566 818 terre’.

561 837 599 855 2:00
644 825 790 867 Precipio
814 826 906 857 vobis
930 830 1126 868 quapropter
1150 827 1288 868 denique
1314 827 1437 859 dicens:

642 877 794 912 Quaerite
818 889 911 918 nunc,
936 889 1042 909 mores
1066 884 1259 910 renovantes
1282 884 1390 911 mente
1416 881 1513 921 fideli,

641 929 735 965 Quod
759 941 887 972 semper
911 931 1026 962 sistens
1050 942 1225 973 numquam
1249 933 1405 964 mutabile
1428 933 1498 967 fiet:

640 982 713 1013 Hoc
737 986 787 1013 est
811 987 997 1014 cunctorum
1021 983 1189 1014 dilectio
1214 995 1291 1015 vera
1316 995 1476 1026 suprema,

640 1033 754 1073 Quam,
771 1036 855 1076 quia,
874 1036 1015 1076 quisquis
1033 1035 1143 1075 habet,
1169 1047 1231 1066 non
1249 1037 1362 1077 querit,
1381 1047 1441 1078 que
1459 1037 1519 1068 sibi
1535 1039 1668 1079 prosint,

556 1097 593 1115 205
638 1085 707 1116 Nec
731 1097 788 1117 sua
811 1087 950 1125 molitur,
975 1087 1042 1125 sed,
1068 1098 1193 1129 queque
1218 1092 1291 1118 sunt
1314 1089 1459 1128 aliorum,

639 1137 720 1168 Tam
745 1149 889 1179 qnorum,
917 1139 969 1180 qui
992 1140 1171 1170 mesticiam
1196 1140 1324 1181 plorant
1346 1141 1508 1182 patientes

639 1189 743 1225 Quam
768 1201 913 1232 quorum,
940 1192 993 1232 qui
1015 1191 1125 1222 leticia
1148 1191 1292 1232 gaudere
1317 1192 1475 1225 videntur.

639 1240 752 1283 Sepius
775 1242 893 1273 idcirco
916 1253 1127 1284 properemus
1152 1254 1225 1274 eum
1249 1248 1436 1285 satagentes

638 1293 787 1333 Poscere,
813 1295 866 1335 qni
890 1295 1025 1336 largitur
1050 1305 1121 1325 eam
1146 1296 1353 1336 querentibus
1378 1300 1465 1338 apte,

556 1358 593 1376 κιο
638 1345 682 1376 Ut
704 1346 796 1376 nobis
821 1346 920 1377 donet
943 1347 1152 1378 manifestans
1176 1351 1272 1389 atque
1297 1349 1502 1389 timorem,

639 1397 709 1432 Quo
735 1408 837 1439 pavor
860 1402 934 1429 ante
959 1398 1020 1437 dei,
1046 1403 1118 1440 post
1142 1400 1181 1430 sit
1205 1399 1334 1431 dilectio
1360 1399 1494 1433 Christi:

639 1450 735 1481 quta
760 1450 846 1492 quod
871 1451 986 1482 cecinit
1010 1451 1194 1482 declamans
1218 1463 1308 1483 more
1332 1453 1505 1494 propheta:

637 1502 801 1533 ‘Horrenti
825 1503 1032 1534 altithronum
1057 1504 1100 1534 nil
1125 1503 1202 1534 defit
1227 1503 1422 1536 divitiarum:

634 1553 735 1584 Dives
759 1564 874 1585 avarus
900 1558 985 1596 eget,
1009 1555 1119 1586 sitiens
1143 1556 1260 1586 arescit
1285 1559 1317 1586 et
1340 1556 1441 1587 ardet.

553 1618 590 1635 215
635 1605 739 1636 Huius
765 1607 848 1636 enim
873 1607 950 1637 secli
975 1606 1057 1637 dites
1082 1607 1190 1637 sitient
1214 1611 1246 1638 et
1271 1607 1429 1648 egebunt:
1783 1607 1835 1639 fol
1851 1608 1912 1631 212·

638 1657 699 1693 Qui
723 1662 874 1699 repetunt
899 1658 1077 1698 dominum,
1101 1670 1275 1701 numquam
1299 1661 1516 1691 movebuntur
1539 1661 1571 1692 in
1596 1672 1664 1701 evo.

635 1709 780 1751 Cumque
806 1711 852 1740 rei
877 1710 959 1741 dites
985 1711 1150 1752 culparum
1176 1712 1250 1742 labe
1274 1712 1425 1753 peribunt

634 1761 829 1803 Infernoque
854 1765 937 1793 tetro
961 1766 1095 1804 propter
1119 1774 1176 1794 sua
1200 1764 1286 1794 facta
1310 1764 1477 1795 trahentur

634 1813 804 1844 Plorantes
829 1815 902 1845 sotii
926 1814 1066 1846 dirorum
1091 1815 1323 1855 demoniorum,

552 1877 590 1894 220
636 1864 754 1896 Christi
777 1876 910 1897 veraces
932 1867 964 1897 in
988 1870 1124 1908 perpete
1149 1866 1228 1898 sede
1253 1867 1405 1898 sedentes

635 1917 831 1948 Gaudebunt
855 1919 961 1950 animo
983 1930 1076 1959 seuas
1101 1919 1241 1951 evadere
1265 1930 1399 1961 poenas,

636 1968 722 2004 Quas
747 1970 807 2011 ipsi
831 1971 929 2001 nimio
953 1971 1041 2002 luctu
1064 1972 1227 2013 patientur
1250 1971 1370 2013 iniqui'.

677 2021 713 2051 In
739 2021 867 2052 domino
893 2033 990 2063 quare
1015 2026 1083 2054 toto
1108 2023 1257 2054 confidite
1283 2023 1392 2063 corde,

635 2071 725 2103 Sicut
749 2074 794 2103 ait
817 2074 985 2115 psalmista
1008 2075 1131 2106 kanens
1156 2075 1291 2106 devotus
1316 2086 1442 2107 amore:

368 2159 416 2184 195
436 2159 452 2184 z'.
471 2168 490 2184 e.
516 2160 651 2184 redditura
677 2160 705 2191 ζ,
718 2177 767 2188 υ,
781 2161 810 2189 υ]
836 2163 934 2186 censori
962 2163 994 2194 cf.
1020 2163 1055 2187 αεὶ
1079 2172 1100 2187 v.
1116 2165 1160 2187 179
1268 2162 1315 2187 199
1341 2164 1372 2195 ‘'f*
1400 2163 1436 2187 ml
1457 2172 1478 2187 v.
1497 2165 1530 2187 96
1634 2161 1684 2187 204
1710 2161 1770 2195 que]
1790 2170 1826 2193 q:-
1846 2162 1881 2186 sic
1900 2161 1925 2185 P

262 2201 376 2232 saepias;
395 2202 438 2226 ‘sic
457 2203 511 2226 coel.
529 2203 605 2227 Vatia.
624 2203 719 2228 Valerii
732 2204 830 2234 Flacci,
849 2206 882 2237 cf.
897 2204 1041 2236 Chatelain,
1055 2206 1172 2238 paldoyr.
1187 2207 1230 2231 des
1244 2207 1379 2238 classique-⁴1
1393 2206 1470 2230 latins
1480 2206 1518 2237 pl.
1531 2206 1592 2231 165¹.
1619 2205 1717 2230 Traube
1787 2203 1840 2229 205
1851 2205 1920 2236 fort.

262 2245 306 2269 sed
325 2253 388 2276 que,
414 2254 465 2276 que
485 2245 511 2275 (i.
532 2256 550 2270 e.
571 2256 609 2277 ea,
627 2248 718 2278 quae);
742 2249 775 2280 cf,
795 2248 830 2272 acl
848 2257 870 2272 υ.
884 2251 929 2273 101
1017 2248 1066 2273 206
1087 2250 1228 2274 mesticiam
1251 2250 1353 2282 plorant
1378 2249 1431 2281 pati
1450 2249 1476 2273 in
1494 2258 1546 2273 ras.
1566 2249 1601 2278 P;
1620 2257 1672 2272 non
1691 2248 1785 2278 dubito,
1807 2247 1868 2279 quin
1887 2246 1923 2270 ad

261 2297 283 2312 v.
297 2290 348 2312 207
360 2289 509 2312 aberratum
522 2290 607 2321 suerit
678 2290 728 2315 *209
741 2294 801 2323 apte
815 2291 849 2315 P²
921 2290 971 2316 212
985 2291 1086 2324 cecinit]
1106 2301 1149 2317 cer
1168 2297 1285 2324 coeperat
1298 2292 1322 2316 P
1355 2292 1514 2324 [declamans
1534 2292 1559 2316 P
1626 2291 1677 2316 213
1690 2292 1755 2316 desit
1768 2291 1803 2315 P:
1822 2289 1922 2314 correxi

262 2330 312 2355 216
332 2340 471 2364 numquam
485 2341 518 2357 ss.
532 2333 557 2356 P
591 2333 776 2359 movebuntur:
796 2335 828 2366 cf.
842 2343 864 2359 v.
878 2336 928 2360 393
946 2339 1078 2368 preparate
1144 2335 1194 2360 218
1208 2336 1276 2360 facta
1295 2334 1347 2367 (eta
1365 2335 1393 2359 iu
1411 2334 1475 2366 ras.)
1490 2335 1514 2359 P
1575 2333 1625 2359 224
1638 2335 1776 2367 psalmisca
1788 2334 1886 2358 kanens
1899 2332 1924 2356 P

369 2392 482 2417 Glossae.
521 2392 567 2417 191
590 2392 669 2426 missi]
690 2395 705 2419 i.
725 2395 835 2427 apostoli

368 2451 414 2476 191
429 2459 482 2484 sqq.
502 2451 581 2478 Paul.
602 2451 637 2477 ad
657 2452 765 2479 Timoth.
781 2454 801 2479 Ι
813 2458 835 2485 6,
852 2458 865 2480 7
883 2455 926 2481 (Ξ
942 2455 986 2480 Iob
1000 2460 1018 2487 1,
1035 2459 1077 2484 ‘215
1095 2456 1181 2482 eccles.
1195 2460 1218 2488 5,
1232 2457 1273 2489 14)
1292 2455 1363 2480 nihil
1384 2455 1457 2480 enim
1476 2454 1622 2480 intulimus
1642 2454 1671 2480 in
1685 2454 1759 2480 hune
1772 2453 1920 2483 mundum;

261 2501 334 2527 haud
361 2501 489 2535 dubium,
515 2503 587 2536 quod
612 2512 662 2529 nec
687 2504 793 2530 anferre
817 2505 884 2538 quid
911 2514 1062 2539 possumus.
1162 2507 1211 2533 193
1232 2506 1296 2532 ‘dem
1315 2506 1472 2532 Sterbliehen
1489 2506 1578 2540 gelum
1596 2505 1680 2538 nieht,
1705 2513 1760 2531 was
1779 2513 1806 2531 er
1823 2505 1920 2531 einmal

261 2553 379 2579 verliert'.
450 2554 501 2580 204
520 2562 556 2587 sq.
572 2555 654 2581 Paul.
667 2555 705 2581 ad
720 2556 836 2582 Corinth.
857 2557 877 2582 Ι
890 2561 928 2590 13,
942 2563 956 2583 5
975 2559 1097 2591 (caritas)
1116 2567 1171 2585 non
1191 2559 1309 2592 quaerit,
1329 2567 1400 2592 quae
1420 2567 1469 2585 sua
1488 2560 1561 2584 sunt.
1632 2558 1682 2584 ⁴206
1695 2566 1731 2591 sq.
1744 2557 1779 2590 ef.
1791 2565 1813 2583 v.
1828 2560 1873 2583 101
1883 2564 1920 2589 sq.

261 2605 312 2630 210
338 2605 417 2630 nobis
443 2605 528 2631 donet
551 2605 712 2632 dilectionem
735 2610 820 2641 atque
844 2609 970 2635 timorem
996 2618 1026 2636 ea
1049 2611 1164 2643 ratione,
1193 2613 1224 2636 ut
1246 2611 1325 2643 prius
1348 2610 1424 2636 detur
1450 2611 1527 2636 timor
1550 2610 1650 2636 domini
1678 2609 1736 2642 (qui
1753 2611 1788 2634 est
1806 2607 1919 2634 initium

260 2656 423 2689 sapientiae,
440 2657 537 2690 psalm.
552 2662 605 2689 110,
621 2660 670 2691 10),
689 2662 783 2692 postea
802 2660 912 2687 dileetio.
984 2662 1035 2687 213
1054 2662 1137 2688 eccles.
1151 2665 1192 2694 32,
1207 2665 1242 2688 ⁴28
1260 2662 1307 2694 (ef.
1326 2666 1368 2694 40,
1380 2662 1587 2694 27:12salm.23‚
1603 2663 1626 2694 1)
1646 2660 1757 2687 timenti
1776 2659 1919 2686 dominum

259 2716 315 2734 non
334 2711 479 2734 occurrent
497 2710 571 2735 mala
584 2710 621 2743 (ἓ)
692 2712 743 2737 214
762 2720 783 2737 e.
795 2720 818 2745 9.
834 2713 951 2745 proverb.
968 2716 1002 2745 13,
1019 2717 1045 2745 7,·
1063 2714 1224 2739 ecclesiastes
1246 2718 1268 2746 5,
1286 2718 1300 2739 9
1312 2722 1381 2746 sqq:
1396 2713 1491 2746 psalm.
1510 2716 1549 2745 33,
1566 2717 1593 2739 11
1612 2712 1713 2738 divites
1733 2712 1871 2745 eguerunt
1891 2712 1919 2736 et

258 2760 421 2791 esurierunt,
436 2760 608 2794 inquirentes
623 2763 716 2788 autem
730 2762 873 2789 dominum
887 2772 942 2789 non
958 2764 1117 2790 minuentur
1131 2764 1205 2790 omni
1220 2764 1292 2791 bono
1305 2764 1460 2798 (imperfecti
1472 2766 1494 2790 et
1503 2763 1594 2796 flaturi
1606 2763 1723 2789 hebo-aiei
1733 2762 1917 2795 permutatio).
