2148 3110
413 179 461 205 DE
481 179 568 205 VITA
588 179 636 205 ET
655 179 857 206 MIRACULIS
878 180 923 205 ET
943 179 989 206 DE
1011 180 1296 206 TRANSLATIONE
1317 181 1447 207 SANCTI
1467 182 1642 209 GERMANI.

490 269 528 298 43

490 374 540 401 44.

490 477 540 506 45.

489 580 539 609 46.

487 684 537 713 47.

403 784 460 816 VI.
486 787 525 817 48

488 892 538 922 49.

487 996 538 1025 50.

565 267 648 297 Nam
673 267 805 308 explere
833 277 911 308 opus
935 267 1027 298 nobis

563 318 658 349 Hunc
683 328 865 349 maerorem
890 319 1076 353 introduxit.

565 369 705 400 Vadiurn
730 371 866 411 proiecit
890 371 997 401 statim

564 422 706 463 ‘Accipe‚
733 421 896 453 Germane
921 426 1041 461 saneto,

564 473 732 504 Hactenus
755 474 896 515 iniquam
921 475 979 505 tibi

565 525 631 556 Sed
655 525 771 556 amodo
796 526 997 567 profuturam

563 577 635 608 Hoc
659 580 791 619 peracto
817 578 1003 608 sublevatur

563 629 688 672 Corpus
713 630 806 660 simul
831 640 901 660 cum
927 631 1074 672 sepulcro

563 681 684 713 Omnes
710 682 797 713 celsa
823 682 884 713 deo
909 693 988 713 voce

563 734 672 764 Sancti
695 735 811 776 pignus
836 734 1040 775 proferentes

530 811 536 816 .
560 786 703 817 Ventum
729 791 778 817 est
801 786 843 816 ad
867 790 1082 828 praeparatae

563 838 737 880 Sepultura
761 839 951 879 angelorum

563 890 685 922 Vectes
708 891 797 931 longi
822 891 966 932 coaptari

565 942 711 978 Qualiter
735 942 810 973 dum
835 946 993 984 quaerunt
1016 943 1081 981 fiat,

563 994 758 1035 Sarcofagus
782 995 878 1036 plane
903 995 990 1026 nullo

563 1046 706 1085 Exilivit,
730 1047 762 1077 in
787 1046 951 1077 defossum

536 1123 542 1129 .
569 1098 707 1140 Stupent
732 1109 843 1129 omnes
869 1102 901 1129 et
924 1099 1080 1129 mirantur

564 1151 631 1182 Eos
655 1152 743 1183 fusus
768 1153 861 1183 simul
886 1153 990 1194 replet

492 1207 503 1220 ἴ
534 1228 539 1234 .
565 1203 687 1235 Vident
711 1215 823 1235 sanum
849 1215 885 1235 ac
911 1204 1064 1236 decenter

489 1416 539 1444 54.

488 1521 538 1549 55.

488 1624 536 1653 56.

489 1833 538 1863 58.

488 1939 537 1968 59.

487 2044 537 2073 (50.

490 2148 540 2175 61.

488 2251 539 2280 62.

489 2461 540 2491 64.

302 2608 363 2639 521
384 2610 514 2634 decentem
537 2609 670 2633 Gaudenzi

300 2677 334 2702 43
352 2685 431 2702 nam:
452 2676 518 2709 quia
537 2677 595 2702 hist.
614 2677 707 2702 transl.

563 1256 694 1287 Laudes
718 1256 857 1287 reddunt
883 1258 1020 1287 creatori

533 1335 539 1341 .
563 1308 634 1349 Ego
660 1308 779 1339 fossam
803 1309 932 1339 introivi

563 1361 678 1403 Ibique
701 1361 840 1402 primum
865 1361 986 1391 mutavi

566 1413 618 1444 Sic
643 1413 765 1444 reversi
788 1416 861 1443 sunt
885 1412 926 1443 ad
950 1423 1021 1444 seso

562 1465 634 1506 Ego
658 1466 764 1496 locum
788 1465 949 1496 kariorem

562 1517 730 1548 Hactenus
755 1516 881 1558 digesta
905 1528 1023 1558 magno

564 1570 645 1601 Sunt
668 1570 761 1600 nobis
786 1577 873 1600 certe
899 1574 1065 1611 comperta

562 1622 665 1653 Multa
690 1622 758 1652 eius
784 1621 825 1652 ad
850 1622 1055 1663 sepulchrum

565 1674 645 1705 Sunt
669 1677 799 1705 ostensa
823 1684 921 1715 saepe
947 1673 1026 1704 fiunt

532 1752 538 1757 .
564 1726 655 1762 Quae
677 1737 742 1757 non
762 1737 896 1768 parvum
918 1726 943 1756 si
964 1729 1133 1756 narrentur

562 1779 615 1810 Me
640 1779 798 1810 lectorum
822 1778 1004 1810 induxisse:

564 1831 671 1862 Unum
695 1834 819 1862 tantum
845 1842 972 1872 ponam7
997 1831 1084 1862 nuda

564 1883 703 1915 Caetera
726 1884 952 1914 miraculorum

563 1936 745 1978 Chilperico
772 1936 933 1977 quondam
957 1946 1034 1977 rege

565 1989 768 2030 Paralyticus
793 1994 921 2019 curatur

563 2041 667 2072 Sanus
691 2040 822 2082 gaudet.
848 2051 906 2071 rex
930 2041 1079 2071 laetatur.

563 2093 708 2133 Aegrum
732 2093 777 2123 ita
800 2092 996 2123 medicatum

564 2145 607 2175 Et
631 2145 685 2186 qui
708 2144 787 2175 vidit
811 2145 864 2175 ille
890 2145 1027 2186 scripsit,

564 2197 760 2228 Turonensis
784 2197 913 2238 praesul
938 2197 1051 2235 almus,

564 2248 650 2280 Illud
674 2259 802 2290 quoque
827 2248 1002 2287 adnotavit,

563 2301 643 2332 Esse
668 2302 785 2332 festum
809 2312 904 2343 posse
929 2302 1029 2332 sancti

511 2375 538 2385 ..
564 2354 704 2384 Tantum
729 2364 806 2395 ergo
831 2354 1008 2395 rogitemus

564 2407 673 2437 Nostri
698 2418 826 2448 semper
850 2407 994 2438 misereri

564 2459 641 2489 Eius
664 2459 714 2490 hic
739 2464 773 2490 ut
797 2459 827 2489 in
853 2459 1015 2501 praesenti

564 2511 601 2541 In
625 2511 730 2541 futuro
756 2522 883 2552 quoque
909 2510 1024 2542 Christi

1156 268 1287 298 intentis
1311 268 1429 298 oblivio

1156 330 1219 350 non
1243 330 1358 350 avarus
1382 319 1527 351 animus'.

1157 371 1267 402 dicens
1291 382 1388 413 super
1413 373 1583 403 tumulum:

1153 423 1263 454 villam
1288 423 1484 454 Palatiolum

1157 478 1297 516 tuaeque
1323 476 1475 513 familiae,

1158 537 1260 568 usque
1284 527 1315 557 in
1340 526 1556 569 perpetuumss

1155 579 1246 620 quasi
1270 579 1338 609 sine
1363 578 1507 620 pondere

1154 634 1252 662 antea
1275 631 1456 663 immobile:

1158 683 1364 714 concinentes
1388 683 1533 720 iubilant.

1158 735 1300 776 corporis
1325 735 1469 766 exuvias.

1156 787 1216 818 sibi
1240 788 1347 818 fossae
1371 787 1526 818 loculum:

1159 839 1339 880 completur
1364 839 1478 870 officio.

1156 892 1263 922 fossae
1287 902 1351 922 non
1375 895 1563 933 potuerant:

1157 944 1256 974 oritur
1279 944 1481 974 miraculum:
1509 943 1513 946 ⁴

1157 997 1363 1037 contingente
1388 996 1518 1026 homine

1157 1047 1303 1078 ordinate
1328 1048 1470 1079 veniens.

1157 1099 1287 1133 factum.
1314 1100 1399 1141 quod
1421 1099 1598 1135 acciderat;

1155 1153 1235 1184 odor
1258 1154 1460 1184 aromaticus.

1157 1205 1361 1247 sepulchrum
1387 1205 1582 1247 depositum:

1156 1258 1362 1299 praesulique
1387 1257 1524 1288 debitas.

1154 1309 1269 1340 ludens
1293 1310 1460 1351 pueriliter

1156 1361 1296 1399 dentem,
1323 1361 1384 1392 deo
1409 1362 1538 1402 gratias.

1158 1414 1261 1444 cuncti
1287 1424 1358 1444 cum
1382 1414 1520 1444 laetitia:

1156 1465 1230 1496 inde
1255 1476 1384 1507 semper
1408 1465 1538 1498 habui⁴‘.

1155 1518 1199 1548 sic
1223 1522 1373 1548 narrante
1398 1517 1520 1549 Karolo

1154 1571 1334 1611 litterisque
1360 1570 1486 1601 tradita.

1156 1621 1229 1652 inde
1254 1622 1424 1652 mirabilia.

1156 1674 1272 1715 largita
1297 1674 1466 1704 debilibus.

1157 1727 1292 1756 aestimo
1318 1725 1481 1756 fastidium

1156 1778 1242 1820 quod
1266 1778 1462 1809 horrendum
1487 1779 1586 1820 fugio.

1155 1841 1195 1862 ne
1221 1831 1375 1861 subsistat
1398 1831 1532 1872 pagiua:

1156 1883 1225 1914 eius
1248 1883 1331 1914 liber
1355 1883 1470 1914 habet:

1155 1946 1309 1977 aggresso
1335 1935 1486 1976 Pam-sius

1152 1988 1274 2019 meritis
1298 1988 1471 2029 pontificis:

1155 2040 1354 2070 admirantur
1377 2040 1489 2081 populi

1155 2096 1341 2123 cunctorum
1366 2092 1564 2133 praesentia:

1156 2145 1271 2175 beatus
1296 2144 1481 2185 Gregorius,

1154 2196 1235 2226 mira
1259 2197 1341 2226 inter
1364 2196 1436 2226 alia.

1152 2249 1206 2278 vix
1231 2248 1297 2278 sine
1322 2248 1483 2278 miraculis

1156 2301 1209 2332 dei
1234 2301 1426 2331 amicissimi.

1153 2353 1302 2395 precibus
1327 2353 1513 2391 antistitem,

1154 2417 1216 2448 quo
1234 2405 1385 2447 dignetur
1402 2406 1596 2447 supplicans,

1150 2469 1334 2489 mereamur
1358 2459 1504 2499 gratiam.

1154 2510 1385 2552 sempiternam
1410 2511 1554 2551 gloriam.
1591 2510 1705 2542 Amen.

759 2606 798 2632 58.
810 2614 821 2632 '2
840 2607 926 2639 habet]
940 2609 1006 2640 fort.
1028 2608 1140 2632 continet
1161 2608 1198 2632 rel
1217 2608 1320 2632 exhibet

197 2729 231 2754 48
250 2729 284 2760 cf.
298 2728 357 2754 hist.
372 2729 463 2753 transl.
478 2732 493 2753 ‘1'
512 2730 543 2754 ut
563 2728 633 2754 nulli
654 2730 725 2754 esset
744 2728 868 2757 dubium.
889 2729 940 2754 hoc
958 2728 1114 2754 ministerio
1135 2728 1297 2761 angelorum
1317 2727 1401 2752 fuisse
1421 2729 1572 2760 peractum.

198 2783 274 2811 runt,
293 2780 411 2812 qualiter
430 2779 459 2805 id
476 2780 533 2811 fiat.

201 2832 351 2859 induxisse.

1804 188 1859 215 135

791 2677 824 2702 44
843 2678 876 2708 cf.
890 2677 949 2703 hist.
963 2677 1057 2702 transl.
1073 2681 1088 2702 5
1109 2685 1214 2710 ponens
1232 2675 1344 2701 vadium
1365 2684 1443 2701 sunm
1464 2683 1545 2708 super
1564 2676 1690 2700 sanctum
1710 2674 1856 2699 tumulum.

1642 2727 1676 2751 49
1695 2725 1758 2751 dnm
1778 2733 1856 2757 quae-

604 2780 635 2805 51
649 2780 779 2813 coniunye
799 2789 870 2813 quae
891 2781 911 2806 si
932 2783 1087 2811 narrentur,
1107 2780 1224 2806 aestimo
1244 2788 1287 2805 me
1307 2788 1361 2805 non
1379 2788 1495 2812 parvum
1516 2778 1657 2803 fastidium
1673 2777 1805 2802 lectorum
1820 2776 1856 2805 (2³)

440 2833 470 2858 ffl
492 2832 526 2863 Cf·
550 2832 657 2865 Greyor.
681 2832 780 2858 Turon.
801 2833 827 2857 in
846 2833 933 2865 ῃῖονία
953 2833 1128 2864 consessorum
1148 2840 1167 2858 e.
1181 2836 1214 2858 83
1233 2832 1303 2863 (Ser.
1326 2831 1422 2856 Meroe:
1443 2831 1492 2862 12,
1512 2833 1572 2862 504,
1588 2833 1617 2855 1ῖ
1627 2830 1702 2861 sqq).
