2148 3110
862 151 940 178 LIOS
959 151 1141 179 MONOCUS.
1767 155 1828 184 279

537 240 666 271 Viribus
691 250 770 281 ergo
796 250 914 270 sonans
938 239 1089 271 fibrarum
1114 238 1257 280 pandere
1282 239 1403 281 psaltes

538 291 608 327 Quo
634 290 767 333 cupidus
793 291 921 322 domino
947 290 1132 322 declamans
1157 291 1247 332 orgia
1272 294 1382 322 cantus

472 357 494 374 ιε,
539 343 659 374 Debita.
683 343 820 385 precelsi
846 342 972 374 Christo
997 343 1124 374 valeam
1148 353 1300 374 resonare

538 395 740 436 Servitioque
765 405 837 426 meo
862 395 1006 426 sublimis
1030 395 1116 437 regis
1141 394 1284 437 Olimphi

539 447 689 478 Carmina
714 452 921 478 concrescant
945 447 1113 478 stridentia.
1137 457 1216 478 voce
1242 458 1390 489 superna.

580 499 647 530 Vos
671 499 757 541 ipsos
782 502 903 539 ornate,
928 500 1073 539 ministri,
1099 499 1241 531 moribus
1267 501 1356 542 equis

536 551 670 583 Actibus
694 552 725 582 in
749 552 869 583 cunctis
895 563 1020 583 summo
1046 552 1213 583 conamine
1238 553 1369 583 mentisz

467 617 492 634 κο
537 604 630 635 Pacis
654 607 816 635 amatores
840 615 970 646 semper
993 606 1122 635 suntote
1147 605 1290 635 colentes

535 656 750 698 Temporibus
775 655 902 688 Christo
927 657 1018 688 vobis
1042 657 1216 688 miserante
1242 657 1409 699 supremis

536 709 585 740 Ne
610 712 734 740 vestros
758 710 880 741 violans
903 711 1022 741 astutia
1046 710 1192 742 demonis
1217 711 1330 753 ingens
1694 713 1738 742 fol.
1755 714 1816 737 ‘205¹'

536 761 675 792 Funerei
699 765 849 803 penetret
873 772 986 793 sensus
1009 763 1040 793 in
1065 766 1197 804 pectore
1223 768 1341 795 vestro.

535 813 619 844 Nam
643 814 771 845 monitis
796 814 884 845 trinis
909 825 1057 845 securum
1082 815 1197 846 lividus
1223 826 1294 847 esse

469 878 492 896 -25
538 865 713 907 Decipiens
737 866 884 897 hortatur
906 866 1079 898 homonem
1105 866 1236 898 dusinus
1261 868 1396 909 iniquus7

534 918 663 960 Perque
688 919 789 949 malas
814 918 913 949 fallax
937 919 1018 950 haec
1042 919 1171 950 fraudes
1196 919 1350 951 admonet
1375 921 1476 952 aiens:

535 970 633 1001 *Heia
657 980 728 1012 age,
753 981 816 1001 non
842 981 982 1009 cessam,
1008 971 1209 1011 adolescens,
1235 973 1355 1003 crimen
1379 972 1514 1014 adopta:

536 1022 716 1053 Peccantes
739 1023 793 1053 alii
817 1033 875 1064 per
899 1026 1047 1065 tempora
1070 1024 1169 1065 longa
1194 1024 1331 1055 fuerunt.
1352 1043 1393 1046 —

537 1074 748 1116 Longanimis
774 1075 920 1106 dominus
945 1076 1055 1117 culpas
1079 1076 1218 1117 ignoscit
1241 1077 1377 1118 ineptas.

467 1140 491 1157 30
537 1127 598 1162 Qui
623 1131 664 1166 te⁷
689 1137 729 1158 ne
754 1138 879 1169 pereas5
905 1131 1089 1159 sustentans
1113 1132 1205 1160 curat
1227 1129 1359 1171 ubique.
1374 1148 1414 1152 —-

536 1179 612 1215 Facq
637 1179 723 1221 quod
746 1180 809 1215 vis:
833 1180 898 1212 noli
923 1180 1063 1219 timidus,
1088 1181 1146 1212 sed
1171 1181 1272 1212 fretus
1298 1184 1330 1213 et
1354 1181 1475 1213 audax:

536 1232 641 1274 Impia
665 1232 752 1263 facta
777 1233 844 1274 piat
868 1233 1032 1264 miseratio
1058 1244 1183 1264 summa
1208 1233 1368 1265 tonantis*

537 1284 607 1324 Hec
632 1283 740 1315 dicens
765 1285 905 1315 animam
930 1285 1091 1327 captivam
1115 1286 1233 1327 mergit
1256 1286 1288 1317 in
1311 1287 1375 1317 imo

537 1336 653 1378 Spissis
676 1336 791 1367 inferni
816 1337 958 1368 tenebris
983 1337 1153 1369 tetricante
1179 1338 1338 1380 profundo

469 1402 492 1420 35
538 1389 682 1420 Luminis
708 1392 877 1431 expertem
902 1389 1071 1431 cunctique
1097 1389 1149 1421 dei
1173 1390 1324 1432 paradisi,

536 1441 572 1471 In
597 1451 659 1482 quo
685 1441 795 1472 felices
820 1442 924 1481 anime
950 1446 1125 1484 sancteque
1151 1443 1276 1484 piorum

534 1492 672 1524 Sedibus
696 1493 727 1524 in
751 1494 845 1524 celsis
869 1493 1014 1535 gaudent
1037 1495 1105 1526 sine
1131 1495 1193 1526 fine
1220 1499 1388 1527 manentes

534 1545 688 1576 Caetibus
712 1545 858 1577 aetherei
883 1550 1038 1588 conpacti}
1063 1547 1163 1588 patris
1188 1548 1318 1578 onestis.

576 1597 654 1628 Alta
678 1608 795 1629 canora
820 1597 871 1629 (lei
896 1598 1065 1630 veracibus
1091 1598 1238 1639 editionis

469 1664 493 1681 ω
538 1649 681 1681 Lenibus
707 1660 748 1681 ex
774 1649 864 1681 dictis
889 1651 1012 1690 sincere
1038 1661 1119 1693 prex
1145 1651 1208 1682 ciet
1233 1652 1335 1683 aiens:

535 1702 701 1743 ·Belligeri
726 1701 845 1733 domini
869 1703 1031 1734 mansueti
1055 1703 1152 1734 corde
1177 1703 1264 1735 fideli

535 1756 711 1787 Arcontem
736 1756 900 1788 dominum
925 1767 1095 1799 procerum
1121 1758 1258 1788 clamate
1282 1761 1462 1799 patronum.

535 1807 715 1839 Mundanas
740 1819 831 1840 curas
856 1812 1061 1851 tempnentes
1085 1812 1194 1841 mente
1219 1810 1331 1851 polita.

535 1860 673 1902 Semper
697 1864 803 1892 amate
829 1861 935 1901 deum,
962 1861 1132 1893 dementes
1157 1862 1268 1904 pellite
1293 1862 1382 1894 lites:

468 1926 492 1944 45
538 1913 687 1944 Carmina
711 1917 867 1954 cogentes
893 1917 1006 1946 cuncto
1031 1924 1088 1945 vos
1113 1915 1217 1945 carnis
1241 1925 1351 1946 amore

535 1965 578 1996 Ut
602 1965 669 1996 sitis
693 1965 759 1995 nati
783 1966 938 2007 genitoris
963 1966 1049 1998 clara
1072 1967 1214 2008 potentis
1693 1969 1738 1997 fol·
1753 1970 1814 1992 2οΨ

535 2017 665 2059 Optima
690 2017 851 2059 magnifici
876 2018 929 2059 qui
954 2018 1014 2058 celi
1038 2022 1152 2060 regnat
1175 2019 1207 2049 in
1233 2029 1312 2049 arce.

534 2071 716 2103 Decantate
741 2071 834 2102 simul
859 2071 1035 2103 concordes
1058 2082 1137 2103 voce
1163 2070 1300 2103 sonora'.

277 2212 308 2238 13
319 2214 386 2246 jort.
407 2220 518 2245 pangere
621 2210 652 2235 18
670 2219 762 2235 uorum
785 2211 857 2235 colon
877 2210 994 2239 disum&
1019 2212 1052 2243 cf.
1072 2211 1133 2236 adn.
1152 2219 1174 2235 ν.
1196 2213 1210 2235 7
1306 2209 1340 2235 26
1358 2209 1375 2236 11
1396 2210 1421 2240 (i.
1441 2219 1460 2235 e.
1481 2210 1555 2241 haec>
1575 2210 1609 2239 R:
1633 2211 1666 2242 qs.
1685 2210 1720 2234 (υἱ
1744 2219 1763 2234 r.
1782 2212 1831 2235 320

169 2256 203 2282 30
221 2256 374 2282 sustendans
393 2255 426 2284 P;
445 2256 478 2288 cf.
499 2255 534 2280 ad
552 2264 574 2279 v.
588 2256 638 2280 126
727 2253 760 2279 3‘2
779 2254 831 2286 piat
852 2258 873 2284 (t
892 2254 917 2278 in
937 2255 1000 2284 ras.)
1020 2254 1044 2278 P
1095 2262 1195 2279 summa
1215 2252 1239 2285 (a
1258 2262 1288 2279 ea:
1306 2264 1320 2278 o
1339 2252 1416 2285 corr.)
1437 2254 1461 2278 P

275 2342 389 2367 Glossae.
427 2340 459 2366 13
478 2340 586 2374 viribus]
606 2341 622 2366 i.
642 2341 741 2366 cunctis
765 2340 809 2373 (cf.
829 2349 850 2364 ν.
869 2341 928 2372 226)
982 2339 1086 2373 psaltes]
1105 2341 1120 2365 i.
1141 2341 1248 2373 cythara
1274 2340 1371 2373 (ylossa
1396 2341 1431 2366 (ιιΖ
1454 2350 1548 2366 sonans
1566 2342 1696 2373 pertinere
1721 2342 1830 2371 ridetur)

170 2386 202 2411 18
221 2385 339 2418 ministri]
360 2386 376 2410 i.
396 2386 436 2410 dei
527 2384 560 2409 26
580 2384 651 2417 haec]
671 2385 686 2410 i.
706 2385 801 2409 monita
898 2383 932 2408 ‘29
952 2382 1050 2417 culpas]
1070 2385 1086 2408 i.
1106 2388 1165 2409 tuas
1262 2384 1293 2409 31
1314 2385 1366 2409 noli
1386 2383 1502 2417 timidus]
1523 2385 1537 2408 i.
1557 2394 1611 2409 esse
1699 2385 1732 2409 32
1752 2385 1828 2416 facta!

170 2430 185 2454 i,
206 2433 251 2454 tua
303 2427 366 2461 piat]
387 2429 403 2453 i.
423 2429 565 2453 sanctificat
654 2426 687 2452 33
707 2426 764 2460 lice]
784 2428 800 2452 i.
819 2428 915 2452 monita
1008 2426 1042 2451 35
1061 2426 1200 2460 expertem]
1221 2428 1236 2452 i.
1256 2428 1368 2453 animam
1462 2428 1495 2453 38
1514 2427 1634 2460 aetherei]
1655 2429 1771 2454 caelestis
1790 2430 1827 2459 μίι

168 2472 264 2505 marq.)
352 2471 385 2497 39
405 2471 533 2503 editionis]
553 2472 568 2496 i.
589 2472 715 2504 scripture
802 2469 836 2495 40
854 2469 926 2503 prex]
947 2471 962 2495 i.
982 2479 1032 2495 vox

274 2558 306 2583 19
329 2557 363 2588 cf.
383 2556 512 2583 Aldhelm.
536 2556 611 2583 laud.
635 2556 699 2590 *vir-(J.
717 2560 750 2583 811
775 2558 835 2582 toto
859 2555 1005 2582 conamine
1029 2556 1138 2582 mentis.
1236 2558 1269 2582 20
1289 2557 1304 2582 ι’.
1322 2565 1342 2583 c.
1363 2559 1449 2583 estote.
1546 2557 1579 2583 25
1601 2558 1637 2588 cf.
1658 2566 1677 2583 r.
1697 2561 1752 2583 358.
1773 2560 1828 2583 393,

169 2610 201 2635 27
221 2618 276 2635 non
296 2609 392 2635 inveni.
475 2609 508 2635 29
528 2609 650 2642 ineptas:
671 2608 752 2641 ‘briseff
769 2610 802 2640 cf.
823 2617 843 2635 υ.
861 2613 913 2635 115.
934 2612 987 2635 181.
1074 2609 1107 2634 33
1125 2609 1159 2640 ef.
1184 2608 1355 2642 Guisclymrli
1376 2617 1463 2635 versus
1481 2609 1575 2642 (spicil.
1596 2608 1684 2634 Cas-in,
1700 2609 1719 2634 I
1730 2617 1757 2641 1²·
1771 2612 1828 2641 35⁴⁵)

170 2670 204 2688 ne
222 2661 355 2687 scelerum
378 2661 464 2687 moles
489 2661 593 2687 baratri
618 2670 661 2688 me
685 2664 793 2696 mergat
812 2662 841 2688 in
866 2662 952 2688 imum
977 2662 1025 2694 (sic
1043 2662 1181 2696 legendum
1205 2671 1237 2688 ea:
1260 2662 1366 2696 codice).
1457 2663 1489 2688 38
1508 2663 1542 2694 cf.
1562 2670 1656 2695 appar.
1681 2662 1716 2687 «d
1740 2671 1758 2687 r.
1777 2666 1827 2688 155.

169 2714 203 2739 38
222 2714 377 2739 arcontam:
397 2714 433 2745 cf.
453 2713 574 2745 Zimmer,
599 2713 668 2740 Gr'jti.
688 2714 791 2740 Nachr.
812 2717 877 2740 1895
891 2718 991 2747 12120,
1012 2719 1049 2745 17,
1069 2719 1092 2740 4.
1182 2715 1213 2740 41
1235 2723 1286 2748 sqq.
1307 2715 1465 2741 sementiam
1485 2723 1537 2739 non
1560 2714 1655 2740 ini-eui.
1745 2714 1777 2739 4ss
1798 2715 1827 2738 ut

171 2765 232 2791 sitis
251 2765 311 2791 nati
330 2764 466 2798 genitoris
488 2764 595 2795 (Mami.
613 2769 635 2796 5,
650 2767 695 2797 45)
715 2766 838 2799 potentis
857 2766 1007 2799 magnifici,
1027 2766 1074 2799 qui
1095 2766 1165 2792 caeli
1186 2768 1287 2799 regnat
1306 2767 1334 2792 in
1355 2775 1424 2797 arce,
1444 2766 1592 2792 decantate
1612 2765 1734 2792 carmina
1755 2765 1827 2791 clara

176 2817 291 2852 optima,
312 2818 411 2843 cuncto
431 2825 478 2843 vos
498 2817 587 2843 carnis
607 2826 699 2844 amore
718 2820 848 2851 cogentes
868 2817 1080 2849 r'abson‹lerml?y.
