2148 3110
429 263 455 293 [Ψ

434 1046 449 1074 —l

318 1422 339 1449 1.
365 1417 392 1449 Ο
418 1421 524 1449 rector
546 1417 752 1448 invictissime

552 172 718 199 SYLLOGA
739 169 878 197 CODICIS
898 166 1169 194 SANGALLENSIS
1190 165 1376 191 CCCLXXXI.

481 260 646 292 Scandens
671 262 703 290 et
727 256 927 289 descendens
951 256 1034 286 inter

482 313 640 344 Silvarum
664 309 835 342 scrutando
859 309 958 339 lustra

482 365 596 396 Nullus
621 374 738 405 expers
762 366 797 393 ut
820 362 909 392 locus
933 361 973 391 sit

432 439 460 448 ..
485 417 620 458 Iamque
646 416 749 456 celum
774 415 904 455 iamque
929 416 1015 443 terra

482 468 643 500 Plaudant
667 471 763 509 atque
789 466 1036 506 circumquaque

482 521 658 552 Auctorem
682 522 873 561 patremque
898 516 979 547 tanti

451 599 457 605 .
483 573 568 605 Hinc
593 573 739 604 exultent
763 574 849 601 astra
874 569 934 608 celi

484 626 582 668 Signa
607 630 675 656 tum
698 625 747 655 bis
773 633 850 654 sena
874 622 991 653 saltent

485 678 689 719 Ornatusque
716 680 800 706 totus
825 675 885 705 soli

433 734 460 762 ἴ,
485 730 553 761 Nos
577 730 710 760 istorum
734 737 862 768 semper
887 726 972 756 clara

485 781 656 813 Sanctitati
679 784 766 819 tante
792 782 887 810 cantu

485 833 648 865 Exaudire
675 831 760 875 quod
785 831 927 862 delectet

455 912 461 919 .
485 886 545 917 His
568 885 704 928 inceptis
729 884 806 915 assit
830 883 924 920 alma.

485 939 574 970 Assit
598 938 723 976 Petrus,
748 937 831 967 hunc
856 936 1010 975 sequatur

485 991 609 1033 Martyr
632 994 664 1021 et
689 989 853 1021 confessor
877 990 974 1027 atque

455 1068 461 1074 .
485 1043 577 1074 Nunc
601 1042 788 1084 redemptor
813 1044 845 1070 et
869 1041 1004 1076 creator⁷

487 1096 659 1137 Largiatur
682 1098 792 1136 aptam
816 1091 908 1123 vobis

488 1148 530 1179 Ut
554 1148 614 1179 sibi
638 1146 776 1179 volendo
802 1145 897 1186 digna

926 1360 1016 1391 XXI.

364 1480 543 1511 regumque
568 1473 655 1500 sator
678 1468 796 1499 inclite.

314 1629 331 1657 ¹0

365 1526 490 1553 nostras
514 1532 628 1564 preces
652 1531 723 1552 cum
749 1520 888 1551 carmine

365 1573 496 1605 intende
521 1583 604 1604 nunc
628 1573 779 1614 piissime.

335 1652 341 1658 .
366 1625 525 1657 Timenda
548 1635 600 1656 res
624 1628 672 1655 est
697 1624 845 1665 denique.

367 1678 580 1719 presumimus
605 1687 700 1719 quam
725 1680 859 1717 tangere

367 1734 453 1760 artus
477 1734 510 1760 et
534 1729 647 1760 horum
671 1728 826 1770 pandere⁷

366 1792 446 1824 quos
469 1785 503 1812 tu
529 1781 633 1812 beasti
657 1781 689 1811 in
712 1780 834 1820 ethere.

336 1860 342 1865 .
367 1834 530 1875 Absterge
553 1837 672 1873 nostra,
697 1841 879 1874 quesumus,

368 1889 513 1928 peccata,
538 1896 599 1927 que
625 1885 852 1922 commisimus,

368 1943 403 1969 ut
427 1941 537 1969 sancta
562 1937 707 1969 membra
732 1940 866 1977 tangere

369 2001 433 2021 non
456 2000 539 2032 pena
564 1989 614 2027 sit.
639 1987 697 2019 sed
721 1989 889 2030 premium.

338 2068 344 2074 .
369 2042 473 2073 Adest
496 2041 576 2073 fides
600 2041 841 2083 promptissima

370 2094 541 2137 spondens,
565 2104 624 2135 per
648 2093 709 2123 ista
732 2093 837 2123 munia

370 2157 427 2178 nos
454 2146 597 2177 adiuvari
623 2145 753 2181 certius;

372 2198 517 2230 discedat
540 2198 613 2229 hinc
637 2198 700 2228 iam
724 2195 876 2238 perfidus.

1040 1624 1068 1650 (i.

1066 253 1222 285 montium
1248 251 1392 287 confinia.

1069 306 1266 346 valliumque
1292 314 1442 335 concava.

1070 359 1160 389 istius
1185 356 1358 387 solaminis.

1071 411 1200 451 iamque
1226 412 1342 450 pontus
1366 406 1515 438 laudibus

1069 472 1133 493 vox
1158 461 1275 492 emissa
1300 459 1450 502 plebibus

1073 518 1203 555 tamque
1230 512 1307 543 clari
1330 511 1468 542 luminis.

1070 567 1261 607 lacteusque
1286 564 1430 595 circulus.

1075 625 1108 650 et
1132 629 1249 649 corona
1274 617 1391 648 nobilis

1074 670 1231 702 conditori
1256 669 1412 711 cognitus.

1075 722 1238 754 consecuti
1261 721 1369 752 munia

1075 784 1286 817 personemus
1309 771 1470 803 bombico.

1076 827 1180 858 cuncti
1203 826 1330 867 plasten
1355 823 1463 864 seculi.

1074 879 1153 910 felix
1179 882 1221 917 et,
1245 877 1428 908 theotocos:

1077 931 1180 962 omnis
1205 934 1302 971 atque
1328 927 1502 970 apostolus.

1077 983 1171 1014 turba
1196 986 1305 1013 sancta
1330 981 1497 1022 virginum.

1077 1039 1188 1066 auctor
1212 1035 1280 1065 veri
1305 1032 1414 1075 gaudii

1080 1088 1205 1119 virtutis
1229 1086 1388 1124 fiduciam⁷

1078 1145 1245 1183 captemus
1271 1138 1434 1181 perennia.

1037 1415 1064 1441 ἶ».
1090 1409 1173 1441 Nam
1197 1409 1326 1450 spiritus
1352 1417 1391 1437 ex
1419 1405 1524 1436 sidere

1091 1463 1149 1502 hec
1175 1461 1314 1492 creditur
1338 1459 1492 1493 revisere,

1091 1513 1238 1556 gaudens
1262 1513 1384 1543 honore
1409 1509 1543 1552 provehi

1094 1565 1288 1608 quandoque
1313 1561 1515 1595 reddendum
1540 1561 1610 1592 sibi.

1092 1618 1185 1650 Nunc
1209 1617 1346 1658 Magnus
1371 1616 1430 1646 iste
1457 1614 1584 1644 nomine

1093 1671 1281 1710 maiorque
1307 1667 1425 1698 Christi
1449 1675 1582 1696 munere

1095 1721 1249 1754 defendat
1273 1720 1359 1751 alma
1382 1719 1485 1760 gratia

1093 1775 1198 1817 plebis
1222 1772 1338 1803 viantis
1362 1774 1506 1812 pectora.

1064 1853 1069 1859 .
1094 1827 1267 1858 Portamus
1292 1833 1367 1855 ecce
1393 1823 1501 1854 cernui

1095 1880 1212 1922 pignus
1237 1876 1362 1908 decoris
1386 1873 1546 1917 splendidi

1095 1942 1179 1962 nunc
1203 1930 1299 1972 plana
1322 1938 1405 1959 nunc
1430 1937 1488 1968 per
1511 1925 1611 1957 ardua

1096 1983 1137 2014 ad
1161 1982 1247 2013 sedis
1272 1984 1368 2022 aptae
1394 1979 1542 2010 culmina.

1096 2035 1158 2067 Hic
1184 2034 1299 2065 civium
1324 2031 1491 2072 celestium

1096 2088 1152 2119 lux
1177 2087 1263 2118 clara
1287 2082 1437 2126 splendet
1462 2083 1566 2121 obvia,

1098 2150 1135 2171 ac
1160 2147 1329 2180 compares
1353 2135 1497 2166 fidissimi

1097 2193 1271 2232 iunguntur
1295 2199 1349 2220 ore
1375 2187 1484 2220 nobili.

682 2251 710 2280 9.
736 2248 806 2279 Illic
830 2246 973 2289 parentis
997 2245 1134 2287 gloriam

736 2300 915 2341 summique
940 2298 1007 2329 nati
1030 2297 1168 2339 gratiam

737 2363 808 2383 cum
831 2351 978 2382 claritate
1003 2349 1132 2392 spiritus

735 2405 807 2444 letis
832 2413 983 2435 canamus
1007 2401 1150 2433 vocibus.

1197 2399 1314 2430 Amen.

257 2537 281 2569 ’2,
292 2544 302 2562 2
322 2538 402 2562 lustra
421 2537 525 2569 scripsi:
544 2537 599 2560 loca
613 2535 646 2565 S‚·
664 2543 729 2567 quae
748 2538 877 2559 acuuntur
890 2533 1013 2566 syllabae,
1033 2533 1124 2564 [onyae
1140 2535 1206 2560 sunt,
1226 2534 1322 2554 ceterae
1335 2527 1457 2559 ancipites
1470 2530 1528 2550 sunt

1732 163 1788 192 331

1600 2524 1622 2556 Ῑ,
1633 2532 1644 2549 ⁴:
1656 2525 1724 2557 sort.
1741 2523 1813 2547 nobis

257 2581 319 2605 XXI
339 2579 384 2611 273
403 2585 474 2605 artus
493 2585 517 2604 et
536 2580 627 2604 horum
647 2579 756 2612 pandere
774 2579 810 2603 sic
830 2577 850 2602 S
868 2576 896 2609 (i.
910 2586 929 2602 e.
946 2577 973 2601 ἱη
992 2576 1161 2600 translatione
1182 2574 1312 2605 reliquias,
1331 2580 1395 2603 quae
1415 2570 1531 2595 conditae
1544 2570 1665 2601 fuerant,
1683 2565 1812 2599 promere)

153 2625 177 2657 5,
189 2632 199 2649 2
218 2625 340 2649 honorem
362 2624 480 2648 Canisiue

258 2701 281 2731 4,
294 2708 305 2726 2
326 2698 462 2725 diwdoeim
480 2697 557 2731 siqua
576 2697 692 2729 εοιῐιῖαεί;
711 2705 820 2728 corona,
840 2704 874 2723 sc,
892 2696 1055 2730 cmqelormn.

259 2751 323 2777 XXI
346 2751 379 2783 cf.
402 2749 552 2783 Sehubiqer,
576 2748 767 2782 Scinqerschule
781 2753 860 2782 1271.

158 2814 206 2841 per
225 2805 320 2832 ardua.

948 2750 971 2780 (5,
983 2756 995 2774 2
1013 2751 1047 2781 cf.
1065 2745 1100 2772 ad
1119 2750 1156 2778 19,
1171 2750 1224 2778 4,1.
1319 2744 1364 2775 23

1559 2870 1608 2894 ψ

1386 2743 1401 2768 ἱ.
1417 2750 1436 2768 e.
1458 2748 1532 2767 nunc
1552 2747 1601 2773 per
1620 2738 1719 2772 plana„
1739 2744 1813 2762 nune
