2148 3110
922 144 1028 171 LIBER
1048 147 1079 174 v.
1784 165 1825 195 69

455 236 491 254 575
538 225 640 266 Ipsius
664 230 699 257 ut
722 229 813 269 regni
836 229 1047 262 Hludowicus
1072 234 1154 265 filius
1178 235 1274 267 heres
1567 252 1668 279 814515

577 276 619 308 Et
643 289 771 309 consors
796 280 898 312 factus
922 287 1014 323 patre
1039 285 1171 317 iubente
1196 288 1254 319 fuit

534 328 695 370 (Namque
721 331 803 362 hunc
827 338 998 374 augustum
1023 342 1149 379 sumpto
1175 339 1360 373 diademate
1386 344 1456 383 diei,

576 380 619 410 Ut
643 386 773 423 regeret
797 395 916 424 secum,
942 387 1088 427 iusserat,
1114 391 1309 432 imperium)5

531 431 606 473 Ipse
632 433 747 465 dehinc
771 437 884 467 morbo
909 440 1031 479 pariter
1055 441 1200 474 defessus
1226 448 1258 475 et
1282 457 1363 478 aevo

449 495 486 512 580
574 484 716 517 Alterius
741 488 827 519 vitae
853 490 955 521 tendit
979 492 1019 522 ad
1044 493 1218 528 introitum.
1565 511 1603 529 5³¹⁷·

530 535 692 568 Venatum
718 542 825 571 tamen
851 552 891 572 ex
917 543 990 573 aula
1013 547 1159 586 perrexit
1182 548 1327 590 Aquensi

572 589 726 621 Autumni
750 592 840 633 lapso
866 597 1012 636 tempore
1037 598 1100 628 iam
1126 599 1243 632 medio.

528 639 613 672 Hinc
637 642 668 672 in
692 644 893 684 praedictam
918 647 1045 678 rediens
1071 660 1104 679 se
1130 653 1263 683 conmlit
1286 655 1403 693 aulam⁷

572 693 755 735 Disponens
779 696 811 726 in
835 707 873 728 eo
899 701 973 729 tunc
997 700 1140 732 hiemare
1166 703 1246 734 loco.

445 755 482 773 sss
527 744 571 774 At
594 747 713 777 mensis
737 749 869 779 veniens
894 749 962 781 Iani
988 751 1028 782 de
1053 755 1181 785 nomine
1207 756 1309 788 dictus
1563 765 1599 783 ⁵¹³⁵

569 797 707 828 Acribus
731 799 814 831 hunc
839 801 943 833 subito
968 803 1113 836 febribus
1138 807 1297 849 inplicuit:

524 848 752 892 Abstinuitque
778 852 856 883 cibis
881 855 999 894 statim⁷
1025 857 1069 887 sic
1092 859 1216 899 pellere
1241 862 1371 892 morbos

568 901 629 932 Vel
654 903 759 933 saltim
784 905 885 935 levius
912 907 995 938 ferre
1020 919 1093 939 suos
1118 911 1240 943 solitus.

525 952 589 984 Sed
615 953 706 985 dolor
729 956 888 988 accedens
912 959 1021 990 lateris
1046 961 1109 992 iam
1134 966 1261 1005 tempus
1286 965 1399 997 adesse

440 1015 477 1034 590
566 1004 643 1036 Eius
668 1006 820 1039 decessus
845 1010 968 1041 fecerat
992 1012 1079 1043 haud
1104 1014 1246 1047 dubium.
1558 1029 1595 1046 ⁵⁹0

523 1056 668 1099 Cumque
694 1058 763 1089 dies
788 1071 882 1091 senos
909 1062 1129 1103 decumberet,
1156 1067 1229 1098 inde
1255 1074 1383 1100 secutus

566 1109 729 1151 Septimus
754 1111 826 1143 huic
851 1114 936 1144 vitae
962 1115 1092 1147 ultimus
1118 1119 1279 1159 extiterat,

521 1160 557 1190 ln
583 1172 644 1203 quo
669 1168 823 1205 percepto
848 1167 1034 1198 venerando
1061 1179 1195 1211 corpore
1221 1172 1338 1204 Christi

562 1213 705 1256 Adiungi
728 1217 845 1247 meruit
870 1218 991 1249 civibus
1015 1221 1186 1253 aethereis.

437 1275 474 1294 595
519 1264 555 1295 In
580 1267 702 1308 templo
727 1268 806 1298 situs
831 1272 889 1309 est,
914 1270 1035 1302 ibidem
1061 1274 1147 1315 quod
1172 1276 1313 1308 condidit
1336 1279 1421 1320 ipse:
1554 1295 1590 1313 595

562 1317 656 1352 Quali
680 1330 750 1349 cum
776 1321 873 1357 luctu,
898 1333 993 1354 nemo
1018 1325 1140 1357 referre
1166 1328 1262 1360 valet.

516 1369 595 1400 Post
619 1371 822 1412 octingentos
847 1373 966 1406 Christi
989 1379 1149 1409 nascentis
1174 1380 1214 1411 ab
1241 1385 1310 1412 ortu

558 1421 620 1452 Hic
645 1433 745 1454 annus
770 1428 902 1465 quartus
927 1429 1034 1459 extitit
1059 1434 1091 1460 et
1116 1431 1271 1465 decimus:

516 1473 590 1514 Ipse
616 1474 666 1505 die
693 1476 802 1516 quinta
828 1477 1014 1510 decesserat
1039 1486 1112 1512 ante
1137 1483 1303 1516 Kalendas

430 1536 468 1554 eoo
556 1525 686 1562 Mensis,
712 1538 774 1568 quo
800 1528 906 1560 Numa
930 1541 989 1562 rex
1013 1532 1126 1564 februa
1150 1537 1323 1568 constituit.
1549 1555 1586 1572 000

513 1576 614 1608 Multa
638 1580 882 1621 propinquantis
908 1583 1035 1614 fuerant
1059 1588 1231 1628 praesagia
1255 1589 1324 1620 finis

554 1629 663 1671 Atque
689 1632 734 1661 rei
758 1635 845 1672 tante
871 1644 1013 1675 congrua
1038 1638 1199 1679 prodigia:

511 1680 659 1723 Denique
686 1683 832 1715 defectus
856 1686 931 1716 solis
955 1687 1095 1730 luneque
1121 1691 1308 1733 frequenter

553 1733 655 1764 Annis
680 1736 837 1766 continuis
863 1739 996 1780 contigit
1020 1744 1095 1771 ante
1121 1743 1231 1774 tribus

427 1796 463 1814 605
509 1784 659 1826 Septenis
684 1791 754 1818 ater
779 1789 868 1819 color
893 1794 942 1820 est
965 1792 996 1821 in
1021 1793 1088 1823 sole
1114 1794 1227 1826 diebus
1547 1816 1583 1833 ωε,

552 1837 657 1877 Visus,
682 1839 865 1880 lucigenam
891 1845 1128 1876 commaculans
1154 1847 1280 1879 faciem.

508 1889 654 1921 Porticus
679 1891 855 1924 immensae
881 1895 973 1925 molis
998 1897 1142 1939 collapsa
1166 1905 1301 1942 repente

550 1942 654 1973 Aulae
679 1943 742 1974 iam
768 1944 874 1975 dictae
901 1957 996 1978 omne
1022 1948 1119 1980 decus
1143 1952 1266 1983 minuit.

507 1993 676 2036 Quemque
701 1995 815 2027 decem
840 1997 945 2029 Rheni
971 2004 1103 2041 pontem
1129 2008 1354 2036 construxerat
1378 2008 1479 2044 annis,

423 2056 461 2075 em
550 2046 647 2077 Horis
671 2050 869 2090 consumpsit
893 2051 1022 2083 flamma
1045 2053 1146 2085 tribus
1171 2057 1314 2097 penitus:
1543 2074 1580 2092 »110

505 2097 598 2137 Nam,
622 2099 681 2129 nisi
707 2110 788 2141 quae
814 2101 928 2132 labens
952 2104 1067 2135 fluvius
1091 2107 1297 2139 subtraxerat
1322 2110 1396 2151 igni,

548 2149 663 2181 Astula
688 2162 746 2181 nee
771 2153 885 2183 saltem
910 2165 1010 2195 parva
1033 2159 1246 2198 superfuerat.

505 2200 643 2244 Ipseque
668 2202 835 2235 Danorum
861 2210 972 2237 contra
996 2218 1108 2249 regem
1134 2210 1345 2244 Godefridum

544 2253 665 2285 Ultima
691 2255 863 2297 disponens
889 2257 975 2290 bella
998 2271 1100 2292 senex
1124 2273 1223 2304 agere

422 2316 458 2334 615
506 2305 578 2336 Ibat
601 2317 659 2348 per
683 2309 819 2349 patriam
845 2311 945 2341 multo
971 2323 1042 2343 cum
1068 2315 1168 2345 milite
1193 2320 1346 2352 nostram,
1538 2337 1574 2354 ω

542 2357 630 2389 Exiit
655 2362 687 2390 et
712 2362 822 2392 castris
847 2363 1014 2395 exoriente
1041 2365 1091 2396 die

501 2409 595 2445 (Nam
621 2415 686 2442 tum
712 2414 846 2454 pallenti
871 2416 1048 2457 spargebat
1072 2418 1144 2449 luce
1170 2430 1318 2451 serenum

542 2462 629 2493 Aera
654 2465 699 2494 sol
725 2467 849 2507 superis
874 2468 1018 2508 partibus
1042 2471 1267 2513 appropians):

499 2513 647 2546 Cernitur
670 2527 688 2546 a
713 2519 833 2548 eunetis
858 2519 962 2550 subito
990 2520 1124 2563 delapsa
1148 2524 1249 2554 ruisse

415 2576 452 2594 620
540 2566 590 2597 De
616 2568 684 2607 celo
709 2570 836 2610 species
860 2571 973 2602 sideris
998 2573 1151 2613 ignivomi
1532 2594 1570 2612 020

234 2674 284 2698 5254
304 2675 403 2699 hemare
424 2677 457 2699 (θ’
546 2679 597 2703 5ὅὸ
617 2681 667 2704 iani
688 2681 726 2705 12¹:
753 2682 804 2706 iam
825 2685 847 2707 (ι’
937 2685 988 2709 590
1007 2687 1089 2710 secere
1109 2688 1131 2711 ἦγ’
1221 2687 1272 2710 ‹211⁴›
1295 2693 1351 2719 pos!
1370 2697 1413 2713 rex
1434 2689 1491 2713 acixt.
1512 2690 1548 2719 (r'f
1572 2692 1655 2716 Numa
1674 2693 1789 2724 prim-3711,

129 2716 254 2747 syllabam
275 2718 380 2749 corripit
400 2717 498 2749 (statuit
516 2721 594 2753 duffii)
666 2723 716 2747 (502
735 2733 777 2749 reo
798 2726 833 2749 (Ρ
906 2726 956 2751 603
975 2729 1095 2761 lumeque
1116 2729 1152 2754 (θ’
1224 2730 1274 2753 610
1300 2732 1417 2762 poenitus
1432 2733 1454 2755 (ι’
1530 2733 1580 2758 613
1600 2736 1731 2760 clauorum
1752 2736 1786 2759 (1¹¹

232 2785 282 2809 59⁴5
293 2786 368 2817 quali
381 2795 441 2811 cum
458 2787 532 2813 luctu
547 2797 580 2814 sc.
593 2789 628 2814 ibi
638 2792 759 2823 sepultus
772 2793 817 2824 sist
829 2794 898 2819 situs
908 2796 1018 2827 pass-ira
1031 2797 1138 2822 'notione
1151 2797 1334 2830 (Ueiyeselff').
1389 2800 1440 2824 ⁴300
1453 2799 1567 2826 Mam-ob.
1576 2800 1688 2827 ,Sama-n.
1698 2803 1786 2835 [13‚3.
