2148 3110
848 140 927 166 LIOS
948 139 1128 166 MONOCUS.
1756 142 1817 171 293

526 228 721 269 Dilitiasque
746 237 820 258 suas
845 229 974 266 eternas
999 225 1189 268 divitiasque

526 279 810 318 Inmarcessibiles,
836 289 896 320 que
921 279 1008 309 nullo
1032 278 1095 309 fine
1120 282 1299 317 senescunt,

527 332 671 373 Agmina
695 331 870 362 caelestum
896 341 960 372 quo
985 331 1091 362 lucida
1116 331 1320 371 celicolarum

526 384 563 414 In
587 383 673 414 soliis
697 383 792 413 variis
817 382 985 414 considunt
1010 393 1065 414 ore
1090 393 1232 422 corusco,

445 448 482 466 495
528 435 597 475 Que
622 445 685 465 non
709 435 785 465 solis
811 438 909 476 egent
932 445 991 465 nec
1015 435 1121 474 lunae,
1145 435 1261 465 nullius
1285 435 1371 474 astri,

525 487 661 517 Lumine
686 487 854 528 praeclaro
879 486 1047 517 renitentis
1071 487 1191 528 quippe
1215 487 1377 528 perennis,

526 539 563 570 In
587 538 758 581 splendore
784 538 836 569 dei
861 538 1014 580 degentia
1038 549 1168 580 semper
1191 539 1346 571 honesto:

525 590 675 632 Urbsque
700 591 851 632 perennis
876 591 968 629 inest,
995 601 1054 632 que
1081 591 1167 621 clara
1190 591 1261 621 luce
1286 591 1427 632 refulget

530 642 667 684 Semper
690 643 813 674 habens
837 643 904 673 sine
929 646 1023 673 nocte
1049 642 1133 673 diem
1158 643 1331 684 splendore
1356 643 1539 681 micantem7

446 707 483 726 500
528 695 708 736 Perpetuas
732 705 840 736 gazas,
866 705 926 735 que
951 705 1126 736 numquam
1152 695 1284 736 erugine
1310 696 1467 737 squalent,

527 746 564 777 In
589 757 651 788 qua
674 747 799 788 pacifici
823 747 984 788 mitesque
1010 747 1098 778 chori
1122 747 1327 788 requiescunt

526 798 663 838 Felices,
688 799 836 837 humiles,
860 798 947 829 nullo
973 799 1073 829 livore
1097 799 1236 837 sodales,

528 850 708 892 Participes
732 851 823 891 regni
848 851 961 881 stantis
985 851 1052 881 sine
1077 850 1139 881 fine
1163 851 1320 892 supremi:
1678 850 1730 880 fol.
1745 850 1809 873 213v

528 902 659 944 Rusque
683 913 827 944 perenne
853 902 971 933 decens
994 903 1141 944 preclara
1165 903 1235 934 luce
1261 906 1416 937 coruscat,

448 967 484 985 505
531 954 602 990 Quo
628 954 772 985 detentio
797 955 953 985 iustorum
978 955 1171 996 requiesque
1196 955 1332 996 piorum,

528 1006 624 1042 Quod
648 1017 777 1048 semper
800 1007 941 1037 renitens
965 1007 1062 1038 nimio
1087 1007 1259 1048 splendore
1286 1007 1409 1037 metalli

528 1058 687 1101 Purpurei
710 1059 819 1089 rutilat
842 1059 1044 1100 gemmisque
1070 1059 1262 1090 micantibus
1287 1062 1384 1100 atque

527 1110 680 1142 Lucifluis
704 1111 810 1142 concis
834 1121 962 1142 roseum
987 1111 1068 1142 sicut
1092 1111 1184 1142 iubar
1207 1112 1332 1152 ingens,

530 1163 671 1194 Defectu
697 1164 765 1194 sine
791 1172 851 1204 que
876 1163 1005 1193 vibrant
1029 1162 1164 1204 Tytanis
1188 1162 1230 1193 ad
1254 1163 1362 1201 instar,

446 1227 483 1246 διο
528 1214 803 1246 Inmarcessibiles
827 1215 995 1246 mercedes
1021 1225 1083 1256 quo
1108 1215 1249 1257 paradisi

530 1267 688 1298 Continuo
713 1268 780 1298 sine
804 1267 867 1298 fine
893 1266 944 1298 die
970 1277 1041 1298 oum
1066 1268 1138 1298 luce
1163 1267 1297 1308 perenni

528 1319 700 1350 Insistente
724 1322 837 1360 patent
861 1329 917 1361 pro
942 1319 1070 1350 milibus
1094 1319 1186 1349 istius
1211 1320 1311 1349 annis.

529 1371 589 1402 Illo
613 1381 752 1412 namque
778 1371 876 1401 beant
899 1371 1075 1412 psallentes
1101 1371 1242 1402 carmine
1267 1371 1369 1401 sancti

529 1423 742 1465 Angelicique
768 1423 855 1454 chori
881 1423 1038 1464 degentes
1063 1424 1146 1454 inter
1170 1424 1293 1465 opimos

448 1488 484 1506 515
529 1475 677 1507 Nectaris
702 1479 733 1506 et
757 1475 869 1513 Baebi,
894 1476 985 1506 lactis
1009 1476 1122 1506 latices
1147 1476 1275 1517 oleique

528 1527 570 1558 Et
593 1527 703 1558 dulces
726 1528 809 1558 inter
833 1528 952 1568 frugem
978 1529 1050 1569 quis
1074 1537 1203 1558 mansor
1226 1528 1258 1558 in
1282 1527 1336 1558 illo

531 1579 643 1611 Omnis
667 1579 795 1610 abunde
821 1580 891 1610 loco
917 1580 1031 1610 fruitur
1054 1580 1142 1610 necis
1166 1580 1288 1621 absque
1313 1589 1429 1621 pavore

530 1633 639 1673 Atque
664 1632 779 1663 choors
805 1632 936 1673 antiqua
960 1635 1087 1673 patrum
1112 1635 1286 1673 vatumque
1312 1632 1446 1672 piorum,

531 1684 592 1720 Qui
616 1684 710 1726 primi
734 1683 809 1714 fidei
834 1684 996 1715 nascentis
1020 1684 1051 1714 in
1076 1684 1154 1714 orbe
1180 1684 1317 1714 fuerunt.

448 1750 485 1768 520
531 1737 600 1768 Illic
626 1737 744 1778 quippe
771 1737 885 1767 chorus
910 1737 1049 1767 laetatur
1074 1736 1311 1778 discipulorum,

530 1789 729 1831 Spernentes
754 1799 846 1820 curas
872 1789 925 1830 qui
950 1788 1069 1819 Christi
1095 1788 1179 1820 dicta
1204 1789 1320 1830 sequti,

529 1841 650 1872 Audax
674 1844 707 1872 et
731 1845 842 1872 coetus
866 1851 1025 1879 cesorum,
1050 1841 1215 1882 sanguinis
1241 1844 1326 1871 ostro

530 1893 719 1936 Martyrium
745 1893 863 1924 Christi
888 1897 989 1925 testes
1015 1894 1068 1935 qui
1093 1897 1165 1924 sunt
1187 1894 1313 1931 imitati,

531 1945 685 1987 Grexque
709 1946 811 1976 omnis
836 1956 982 1987 quorum,
1009 1945 1172 1976 dominum
1198 1946 1250 1987 qui
1275 1949 1383 1976 mente
1408 1944 1555 1986 professi,

448 2010 484 2029 525
530 1997 665 2028 Exultat
689 1998 806 2028 trinum
830 2007 988 2028 venerans
1012 2008 1176 2039 unumque
1201 2001 1368 2028 tonantem

529 2049 737 2091 Ethereoque
762 2049 878 2080 throno
902 2051 971 2091 regi
996 2050 1134 2081 sublime
1158 2050 1284 2092 potenti

267 2311 414 2337 491—493
433 2311 531 2336 litteras
544 2312 645 2344 fissura
664 2311 812 2342 absumptas
831 2311 915 2342 suppl.
931 2310 1045 2343 Lebeyzte
1124 2310 1174 2335 497
1195 2311 1304 2335 hunusto
1324 2310 1360 2339 P,·
1380 2311 1412 2343 cf.
1433 2310 1468 2335 ad
1486 2319 1507 2335 v.
1523 2312 1572 2334 155
1652 2308 1703 2334 503
1722 2309 1785 2341 siuse
1807 2309 1830 2334 P

164 2355 214 2380 506
233 2355 348 2388 speldore
368 2355 403 2380 P.-
422 2364 490 2380 corr.
511 2354 625 2386 Lebeyue
714 2354 763 2379 :309
782 2344 814 2385 nst
836 2354 860 2378 Γ
947 2354 998 2379 516
1017 2363 1052 2386 sq.
1072 2355 1155 2386 suppl.
1176 2354 1290 2386 Lebeytce

268 2433 319 2458 492
339 2431 578 2457 immarcessibiles
598 2439 629 2457 ecc
648 2431 724 2456 Petri
742 2438 780 2463 ep.
801 2431 821 2456 Ι
836 2435 855 2463 1,
870 2435 892 2457 4.
912 2435 933 2464 5,
950 2435 979 2463 4,·
998 2431 1031 2463 cf.
1052 2439 1074 2457 τ’.
1087 2436 1141 2458 510.
1214 2431 1265 2456 495
1284 2431 1318 2462 cf.
1339 2438 1361 2456 r.
1377 2433 1429 2456 106.
1449 2433 1508 2456 405.
1580 2430 1632 2455 500
1652 2429 1749 2454 Matth.
1765 2432 1787 2461 6,
1800 2433 1829 2455 19

165 2483 253 2509 nolite
272 2483 459 2509 thesaurizare
478 2483 556 2508 vobis
576 2483 719 2508 thesauros
739 2482 768 2507 in
788 2484 869 2515 terra,
890 2483 936 2508 nbi
958 2491 1062 2517 aerugo
1082 2484 1109 2508 et
1129 2483 1206 2508 tinea
1226 2482 1384 2508 demolitur.
1473 2482 1524 2507 505
1544 2481 1683 2507 detentio:
1703 2481 1828 2513 ‘Aufent-

165 2535 237 2561 halt'.
335 2535 385 2560 506
404 2534 511 2560 metalli
537 2535 669 2568 purpurei
695 2535 739 2565 (=
756 2535 833 2568 slavi,
857 2536 944 2567 rutili)
968 2536 986 2562 i.
1005 2543 1024 2562 e.
1044 2536 1116 2562 auri.
1215 2536 1265 2561 508
1283 2534 1315 2560 de
1333 2534 1493 2560 nominativi
1511 2534 1541 2559 in
1560 2533 1758 2566 comparatione
1776 2540 1829 2558 usu

165 2587 199 2618 cf.
218 2586 281 2612 adn.
304 2585 340 2611 ad
362 2595 381 2611 r.
401 2589 434 2612 84
448 2594 499 2619 sqq.
594 2586 644 2612 509
668 2586 745 2612 ‘ohne
770 2587 933 2619 Aufhoren’.
1032 2588 1082 2613 510
1101 2587 1134 2618 cf.
1154 2595 1174 2612 v.
1193 2591 1249 2613 492.
1346 2587 1397 2612 512
1418 2585 1613 2618 ‘cntsfflecheml
1638 2586 1682 2617 (sc.
1706 2585 1735 2609 m
1758 2583 1830 2609 ihrer

167 2639 267 2671 ewiqen
285 2637 393 2670 Dauer)
411 2636 463 2662 (len
482 2637 706 2669 Jalmausemlen,
726 2637 770 2664 die
788 2638 906 2664 (lassante
926 2640 972 2671 (sc.
992 2639 1041 2665 (las
1062 2638 1205 2671 Paraslries)
1224 2638 1324 2665 walo-r.
1422 2639 1473 2664 513
1493 2638 1540 2663 illo
1562 2636 1683 2663 carmine
1702 2635 1830 2668 coninnqt'

166 2699 232 2716 num
259 2690 382 2722 volucrit,
410 2689 508 2721 dubito,
539 2689 608 2722 quod
635 2698 658 2716 r.
681 2693 731 2716 493
747 2699 800 2723 sqq.
828 2690 861 2716 dc
888 2692 1005 2718 carmine
1033 2700 1089 2717 non
1115 2691 1201 2723 fucrit
1228 2690 1338 2723 dimam,
1367 2689 1437 2722 quod
1463 2691 1703 2715 commemoraverat
1732 2696 1751 2712 r.
1772 2689 1829 2713 433.

167 2743 217 2768 515
235 2742 269 2773 cf.
288 2750 310 2767 r.
327 2746 366 2767 94.
438 2742 488 2767 516
508 2741 554 2774 qui
572 2741 602 2766 in
620 2741 666 2767 illo
686 2742 739 2767 loco
757 2744 852 2768 manet.
929 2743 979 2769 519
999 2743 1093 2777 primi:
1114 2743 1147 2775 cf.
1167 2742 1270 2776 apocal.
1290 2746 1328 2774 14,
1342 2747 1357 2768 4
1377 2741 1405 2767 hi
1425 2741 1512 2775 empti
1532 2742 1598 2766 sunt
1618 2748 1650 2766 ex
1670 2738 1829 2765 hominibus

167 2794 309 2828 primitiae
328 2793 379 2819 deo
400 2795 428 2819 et
446 2802 528 2827 agno.
618 2794 668 2819 522
686 2794 720 2826 cs.
740 2793 849 2826 Hisper.
867 2794 972 2826 famina
986 2803 1014 2827 p.
1034 2799 1057 2827 4,
1072 2799 1100 2820 11
1119 2795 1203 2821 ostrei
1223 2794 1328 2820 cruoris
1347 2794 1413 2820 rivis
1432 2797 1476 2826 (Ξ
1487 2792 1639 2825 purpurei).
