2148 3110
872 156 977 182 MBEP.
1000 156 1032 182 11.
1722 162 1773 190 111

492 243 641 285 Undique
669 246 803 282 constat,
830 243 941 284 eisque
967 246 1075 273 tamen
1100 253 1159 284 per
1182 244 1281 274 multa
1306 245 1434 275 resistit.
1525 247 1575 271 8⁸¹5

413 308 451 327 460
496 295 644 326 Perdidit
667 296 860 331 innumeros,
887 295 1034 336 quotiens
1059 306 1101 326 ex
1125 296 1255 336 agmine
1280 306 1355 336 sevo

492 347 637 378 Exiliens
662 347 739 378 citra
763 357 870 378 muros
893 346 1104 388 pessumdare
1129 350 1238 378 tetros.

491 399 638 430 Flamina
664 402 740 441 quot
763 399 882 430 tulerat
906 399 988 438 telis,
1014 409 1105 430 orare
1130 399 1281 440 nequibo.

493 451 556 482 Pro
582 451 688 482 dolor!
714 452 912 493 armipotens
936 451 1020 482 inter
1042 451 1191 481 mortalia
1216 451 1294 481 defit

495 504 595 534 Arma
620 514 717 534 ruens
740 514 903 545 nunquam
928 503 988 534 sibi
1011 503 1155 545 principe
1180 503 1403 537 subveniente,

411 568 449 587 465
494 555 702 597 Exitiumque
728 556 810 597 polis
834 555 970 597 posthac
995 566 1066 586 cum
1091 555 1240 596 praesule
1266 559 1360 596 capto

494 608 593 639 Passa
617 609 690 639 luit:
715 608 785 649 regi
809 608 881 639 hinc
905 608 983 638 felix
1007 608 1104 638 micat
1128 617 1223 638 omen
1247 606 1368 638 Odoni!

536 660 686 702 Denique
711 660 845 699 Lutecie
870 659 1017 690 revolant
1041 658 1082 689 ad
1107 659 1245 689 culmina
1268 662 1367 690 tutae.
1526 668 1576 691 8555

496 711 661 743 Convocat
685 711 746 742 huc
771 721 883 742 omnes
907 711 1054 753 proprios
1078 721 1137 752 per
1160 720 1260 751 regna
1285 715 1465 742 morantes:

493 763 553 803 En,
578 764 646 794 sine
670 763 734 794 iam
758 773 893 794 numero
917 772 1088 793 numerum
1112 766 1260 804 prestans
1278 761 1349 793 Odo
1374 763 1487 794 nectit:

413 828 450 846 471]
495 815 689 857 Francigeni
713 818 933 857 approperant
957 815 1023 845 alta
1048 825 1119 845 cum
1144 814 1248 845 fronte
1274 815 1416 856 superbi.

495 867 681 899 Calliditate
706 868 796 899 venis
821 868 966 909 acieque,
991 868 1177 909 Aquitania,
1201 868 1342 909 linguae,

496 918 703 961 Consilioque
729 919 803 961 fuge
828 919 981 961 Burgun-
1007 919 1117 951 adiere
1142 919 1286 951 —diones.

497 971 606 1003 Sessio
630 972 665 1003 fit
688 983 751 1003 non
775 972 874 1013 longa
898 972 974 1002 satis
999 972 1151 1003 frustrata
1175 972 1348 1014 triumpho.

537 1024 657 1055 Nescio
683 1025 752 1066 quis
776 1025 879 1055 socios
903 1024 978 1055 lusit
1001 1024 1178 1066 Danosque
1203 1024 1319 1056 cecidit

414 1088 452 1106 475
497 1075 569 1107 Non
593 1087 723 1118 paucos,
747 1076 874 1107 modico
901 1077 1046 1118 quamvis
1071 1078 1119 1115 (ut
1143 1077 1243 1117 fama)
1267 1076 1409 1118 popello,

497 1127 568 1164 Quo
593 1132 708 1159 ventus
731 1129 874 1168 veniens,
899 1128 1082 1160 Ademarus
1106 1129 1234 1160 nomine
1260 1128 1372 1160 dictus.

541 1180 834 1223 Sclademarusque
860 1181 976 1213 dehinc
1000 1181 1092 1212 binos
1115 1181 1232 1223 iugulis
1257 1181 1356 1221 dedit,
1381 1182 1471 1223 isque

495 1232 634 1264 Deditus
660 1238 723 1267 est:
748 1234 835 1265 idem
858 1234 980 1276 primus
1005 1235 1143 1276 primum
1168 1234 1236 1265 duit
1260 1234 1380 1265 umbris

497 1285 631 1325 Lutecie
658 1291 794 1317 torvum.
818 1290 990 1328 postquam
1014 1287 1116 1328 primo
1141 1290 1291 1328 patuere:

413 1349 452 1367 480
497 1337 694 1379 Principium
718 1338 818 1379 gladii
842 1339 945 1369 tenuit
968 1338 1130 1380 finemque
1155 1339 1288 1380 recepit,

495 1389 568 1420 Hoc
592 1400 689 1432 super
712 1389 836 1428 infidos,
861 1390 950 1421 illum
977 1401 1092 1432 corpus
1116 1400 1212 1432 super
1237 1391 1315 1422 eius.

496 1441 647 1473 Rotberti
672 1442 777 1473 fuerat
801 1453 934 1484 pugnax
959 1443 1083 1474 comitis
1109 1442 1344 1474 Sclademarus.

497 1493 687 1536 Dispulerat
711 1495 823 1536 galeas
848 1498 950 1525 terror
972 1495 1201 1536 propriumque
1227 1494 1284 1525 sub
1309 1494 1421 1525 urbem

495 1546 639 1577 Lunatas
664 1546 776 1577 stadiis
800 1547 926 1578 libitum
950 1547 1055 1588 peltas
1080 1547 1243 1578 trecentis

414 1610 451 1629 485
539 1598 697 1630 Preterea
721 1598 963 1640 quadringentis
989 1610 1007 1630 a
1031 1599 1117 1630 mille
1142 1599 1274 1630 remotis

497 1650 652 1682 Acefalos
676 1651 849 1693 prostravit
873 1651 962 1682 humi
986 1651 1131 1693 peditum
1156 1651 1327 1682 comitatus

497 1703 637 1744 Agmine
663 1706 842 1734 tercentum
866 1707 976 1745 pastor
1000 1704 1174 1735 certamine
1198 1703 1316 1735 acerbo

496 1754 622 1785 Nobilis
645 1754 871 1795 Anschericus,
895 1756 1020 1797 pollens
1045 1766 1086 1787 ex
1110 1756 1241 1797 virginis
1265 1766 1336 1786 ore:

499 1806 551 1838 Sic
576 1807 700 1838 alacres
725 1808 863 1849 spolium
887 1808 1047 1839 revehunt
1071 1808 1111 1839 ad
1135 1808 1264 1839 moenia
1288 1807 1423 1838 multum

415 1871 453 1889 490
498 1858 621 1890 I'rbani
644 1863 810 1901 prestante
836 1860 897 1891 deo
923 1861 975 1902 qui
999 1868 1114 1902 regnat
1139 1861 1178 1891 ab
1203 1861 1277 1891 alto.

540 1910 763 1953 Expediamus
786 1912 903 1944 abhinc
928 1912 1042 1954 dignos
1067 1912 1182 1944 Odone
1207 1912 1394 1954 triumphos

497 1963 674 1994 Falconem
698 1965 850 2000 vocitant,
876 1966 1020 2007 equitum
1046 1976 1107 2007 quo
1133 1965 1221 1996 milia
1244 1965 1320 1996 vicit

498 2015 591 2046 Dena
615 2026 798 2058 novemque
824 2016 949 2057 dehinc,
973 2017 1128 2057 Mentem,
1152 2017 1362 2059 peditumque
1384 2016 1529 2058 profana.

498 2067 571 2099 Hoc
594 2068 640 2099 illi
664 2068 785 2100 vicibus
809 2070 937 2111 peperit
960 2070 1068 2101 natale
1092 2070 1264 2112 tropheum

234 2199 287 2225 464
305 2200 419 2233 principe
437 2199 465 2224 in
483 2208 536 2224 ras.
555 2199 579 2224 P
666 2199 716 2226 465
735 2209 765 2225 ca
787 2206 830 2233 pto
850 2201 875 2225 P
959 2201 1010 2226 4725
1027 2207 1083 2234 post
1102 2206 1139 2226 est
1160 2210 1237 2233 neque
1256 2210 1314 2226 vero
1328 2206 1387 2233 post
1406 2201 1502 2233 primus
1522 2200 1578 2225 dist.
1600 2200 1625 2224 P

236 2269 359 2301 Linquae.
396 2268 446 2294 459
466 2278 510 2302 per
528 2270 631 2294 multa:
653 2271 678 2294 -i-
700 2271 808 2295 multum
914 2270 965 2296 460
983 2272 1121 2303 quotiens:
1142 2272 1227 2304 sepius
1332 2270 1383 2296 462
1402 2271 1505 2295 flamina
1521 2279 1526 2294 :
1547 2270 1647 2295 animas
1705 2278 1789 2294 orare:

132 2312 203 2344 loqui
298 2311 349 2337 464
368 2313 502 2345 principe:
523 2321 582 2345 rege
678 2313 729 2339 465
749 2315 812 2347 polis
829 2323 834 2338 :
855 2315 916 2339 urbs
1017 2314 1068 2340 466
1087 2315 1135 2340 luit
1152 2323 1157 2339 t
1177 2315 1299 2339 sustinuit
1361 2323 1434 2339 omen
1451 2322 1455 2338 :
1476 2314 1606 2338 indicium.
1635 2314 1790 2338 HYRONIA

132 2354 184 2380 472
208 2356 331 2388 Burgun-
357 2357 443 2381 adiere
467 2356 569 2381 -diones
586 2365 591 2381 t
611 2358 756 2382 TEMESJS
861 2357 913 2382 475
937 2362 964 2383 ut
991 2360 1081 2383 sama:
1101 2367 1120 2383 s:
1140 2359 1189 2383 fuit
1294 2357 1344 2382 476
1369 2366 1440 2389 quo:
1461 2359 1526 2382 sicut
1631 2356 1680 2382 4ῖῖ
1704 2358 1789 2381 binos:

133 2397 317 2429 Norm(auu0s)
422 2398 474 2424 478
498 2400 575 2424 duit:
594 2401 661 2425 dedit
766 2400 815 2425 481
841 2401 887 2426 hoc
904 2409 908 2425 :
929 2410 947 2426 s.
968 2402 1122 2434 principium
1141 2402 1219 2434 gladii
1278 2402 1370 2426 illum:
1390 2402 1467 2426 finem
1566 2399 1617 2425 483
1639 2400 1789 2432 dispulerat:

134 2441 289 2474 disperserat
336 2442 475 2474 dispulerat
493 2443 580 2475 galeas
599 2448 697 2469 terror:
718 2445 916 2469 METONIMIA
994 2444 1045 2470 484
1064 2446 1170 2470 stadiis:
1191 2446 1259 2470 stad.
1336 2445 1387 2470 486
1406 2445 1534 2469 acefalos:
1554 2444 1662 2476 gentile>-
1706 2444 1789 2468 humi:

133 2485 160 2509 in
185 2485 292 2509 humum
380 2484 432 2510 494
457 2486 504 2510 hoe
530 2487 566 2511 illi
590 2488 689 2512 vicibus
713 2489 810 2520 peperit
836 2489 922 2513 natale
946 2489 1103 2521 tropheum:
1123 2498 1285 2521 nequaquam
1309 2488 1405 2521 (glossa
1430 2488 1582 2519 nzargsinalis
1603 2487 1723 2519 pallidis,
1747 2486 1790 2511 sed

134 2528 315 2560 antiquissimis
334 2527 448 2552 ductibus
466 2534 574 2554 exarata
593 2531 626 2562 (γ’.
642 2539 670 2562 p.
688 2533 718 2555 74
737 2536 759 2555 et
778 2531 826 2555 lab.
842 2531 873 2562 I)

237 2603 287 2630 461
308 2604 334 2629 ‘22
348 2612 368 2630 e.
390 2605 474 2637 ultra5
496 2606 530 2637 cf.
550 2605 624 2632 119¹.
645 2606 792 2640 Duplessis.
898 2608 949 2634 463
968 2608 1132 2641 armipotens
1155 2608 1289 2634 Tetbcrtus
1312 2608 1345 2633 ab
1369 2607 1458 2633 Odone
1476 2615 1532 2640 ¹reyc
1551 2606 1693 2632 destitutus
1713 2607 1790 2631 inler-

133 2655 224 2687 fieitur
241 2664 259 2680 α
277 2655 375 2681 Danis.
481 2657 532 2683 478
550 2658 688 2690 respicitur
712 2658 748 2684 acl
772 2659 849 2692 prius
870 2659 979 2692 aliquod
1001 2660 1110 2691 facinus
1135 2660 1303 2686 SUad'emari.
1409 2660 1460 2685 479
1485 2660 1600 2692 patuere
1623 2666 1657 2683 sc.
1681 2657 1789 2690 pnynni.

134 2708 186 2734 484
205 2707 246 2739 ‘Cfi
265 2707 338 2741 Very.
353 2709 420 2735 Aen·
441 2708 461 2734 Ῑ
470 2714 526 2736 490.
547 2710 671 2737 ΧΙ663’.
699 2711 848 2744 Duplcssis.
948 2712 1000 2738 485
1020 2712 1035 2738 ι’,
1055 2720 1075 2738 e.
1095 2715 1224 2737 sescentos.
1326 2712 1376 2737 488
1397 2711 1453 2737 vicit
1475 2711 1598 2736 ›iunii-um
1619 2710 1659 2735 die
1677 2709 1789 2742 quodam

134 2767 154 2786 s.
170 2759 281 2785 Mariae
299 2763 414 2792 sacrato,
433 2763 463 2786 ut
485 2760 542 2787 Oclo
558 2761 601 2787 die
619 2762 707 2787 natali
723 2770 743 2788 s.
764 2762 896 2788 Iohannis
915 2763 1057 2795 baptistae;
1075 2764 1108 2795 cf.
1128 2764 1165 2788 II
1175 2767 1223 2789 41³4
1236 2771 1272 2796 sq.
1359 2763 1411 2788 492
1429 2762 1637 2793 ‘Illontfanconl
1659 2761 1788 2793 Bouquct.

135 2812 185 2837 493
206 2811 220 2836 i.
233 2819 252 2837 e.
273 2811 341 2837 (lena
361 2814 384 2837 εἰ
404 2811 500 2838 dehinc
520 2821 610 2839 not-em
629 2813 703 2838 milia
723 2814 841 2846 equitum
858 2814 1047 2847 pedilmnqne;
1066 2815 1098 2846 cs.
1117 2815 1192 2847 yloss.
1211 2814 1247 2840 ad
1266 2815 1303 2840 ΙΙ
1312 2818 1370 2839 1325.
