2148 3110
282 161 345 190 '240
681 157 706 184 S.
727 157 898 183 CORNELII
919 154 1212 182 COMPENDIENSIS
1232 152 1544 180 TRANSLATIONES.

576 247 603 276 5.
629 244 784 275 Tricenus
810 246 841 274 et
865 253 1047 284 sexagenus
1218 251 1288 272 cum
1313 243 1449 272 centeno
1473 239 1593 281 pariter

629 296 679 327 Ex
703 297 814 336 celesti
838 298 1068 336 consurgentes
1216 293 1306 323 verbi
1331 292 1383 323 dei
1406 292 1537 322 semine.

575 351 603 379 6.
629 348 711 378 Nam
737 348 851 378 chorus
876 347 1118 387 coniugatorum
1214 345 1287 375 hinc
1312 344 1420 375 existit
1444 342 1592 374 mundior

630 400 832 440 Castitasque
857 397 1025 428 viduarum
1215 396 1314 426 multo
1339 396 1374 426 fit
1398 394 1545 425 devotior

577 454 604 483 7.
629 452 671 482 Et
695 461 812 482 corona
836 450 999 490 virginalis
1217 458 1290 478 suos
1315 447 1435 489 spargit
1459 446 1575 483 radios⁷

629 503 732 539 Quam
757 502 859 532 Maria
885 501 937 532 (lei
961 504 1064 531 mater
1214 500 1299 530 clara
1322 500 1435 529 lustrat
1458 497 1619 539 lampade.

576 560 603 586 b.
629 555 716 596 Ergo
741 555 844 585 cuncti
869 554 1085 595 supplicemus
1215 552 1321 587 corde,
1347 563 1411 591 ore7
1439 562 1548 593 opere,

629 608 672 638 Ut
696 610 805 637 nostra
829 607 932 637 solvat
958 605 1075 636 delicta
1218 616 1288 636 curn
1312 605 1411 635 Petro
1436 605 1581 646 apostolo

576 663 604 690 9.
630 659 846 700 Ilostiumque
871 659 915 688 sic
939 662 1120 688 nostrorum
1218 656 1317 687 elidat
1341 657 1534 698 superbiam,

630 711 673 741 Ut
697 711 729 741 in
752 720 832 752 pace
858 710 1032 740 serviamus
1218 708 1278 739 deo
1303 712 1412 739 nostro
1437 708 1568 749 ingiter:

562 766 604 794 10.
632 762 711 793 Oret
735 772 862 803 quoque
887 772 943 803 pro
969 771 1082 792 sereno
1215 760 1315 791 Karlo
1339 783 1387 792 -ψ
1412 759 1550 790 Caesare

631 814 792 845 Adiuncto
817 814 875 844 sibi
900 813 996 844 beato
1218 811 1378 854 Cypriano
1403 812 1532 842 martire

563 869 605 897 11.
632 866 852 907 Omnibusque
876 866 993 896 sanetis
1019 875 1152 906 quorum
1215 874 1407 895 veneramur
1431 864 1574 905 lypsana,

633 918 677 948 Ut
701 918 884 948 substernat
909 918 937 948 ei
963 917 1041 947 deus
1219 917 1365 947 nationes
1389 915 1559 946 barbaras:

562 973 605 1001 12.
629 970 763 1001 Necnon
788 973 820 1000 et
844 969 1040 1000 Francorum
1065 972 1172 999 servet
1214 968 1373 1009 benignus
1400 967 1588 1003 exercitum,

633 1022 703 1058 Quo
729 1022 768 1052 sit
792 1022 821 1052 ei
845 1021 998 1052 fortitudo
1219 1031 1295 1051 sano
1322 1030 1392 1051 cum
1417 1019 1564 1050 consilio:

562 1077 607 1106 13.
630 1073 739 1104 Nostri
764 1083 890 1114 quoque
915 1083 1039 1103 memor
1063 1072 1117 1103 fiat
1218 1082 1382 1103 servorum
1405 1071 1558 1109 fidelium7

632 1125 676 1156 Ut
701 1125 854 1156 defendat
877 1135 934 1155 nos
959 1128 991 1155 et
1014 1128 1154 1154 nostram
1217 1126 1367 1165 potenter
1391 1123 1556 1159 familiam,

566 1181 608 1208 14.
633 1177 682 1208 Ne
707 1181 852 1219 raptores
877 1180 909 1207 et
932 1176 1093 1218 predones
1218 1179 1343 1206 nostras
1367 1185 1418 1205 res
1443 1174 1602 1215 diripiant.

634 1229 704 1264 Que
729 1230 848 1260 servire
873 1228 965 1259 nobis
990 1228 1110 1259 debent
1219 1228 1250 1258 in
1274 1226 1534 1258 necessitatibus:

567 1285 609 1313 15,
636 1282 764 1312 Cunctis
789 1291 864 1311 vero
889 1281 920 1311 in
946 1290 1113 1311 commune
1221 1279 1301 1309 caeli
1326 1278 1448 1320 pandat
1472 1279 1611 1308 ianuam.

634 1334 678 1364 Ut
701 1333 859 1374 possimus
884 1333 1094 1374 contemplari
1219 1332 1333 1362 summi
1356 1331 1441 1372 regis
1465 1331 1585 1362 fatiem.

567 1390 612 1418 16.
638 1386 748 1417 Gloria
773 1386 813 1416 sit
837 1384 897 1416 deo
922 1384 1005 1426 patri
1222 1383 1290 1414 eius
1314 1386 1410 1424 atque
1435 1383 1499 1413 filio

636 1438 755 1480 Spiritu
779 1448 849 1468 cum
873 1436 1070 1478 procedente
1220 1445 1279 1476 per
1302 1438 1434 1466 aeterna
1458 1434 1575 1465 secula.

1090 1653 1150 1684 ΙΙΙ.

592 1726 612 1753 Ι.
639 1722 732 1756 Redi.
757 1733 850 1764 papa5
876 1723 949 1759 iam,
975 1722 1114 1759 Corneli„
1226 1723 1266 1753 ad
1291 1723 1374 1753 ovile
1399 1722 1573 1763 proprium,

639 1774 733 1810 Quod
758 1775 814 1805 tibi
840 1774 918 1804 deus
943 1774 1061 1805 dicavit
1224 1785 1306 1806 novo
1331 1775 1361 1805 in
1386 1774 1552 1806 coenobio.

638 1827 681 1858 Ut
705 1830 882 1858 merentem
907 1826 959 1857 diu
984 1837 1117 1868 gregem
1225 1828 1255 1858 in
1280 1826 1406 1857 Christo
1431 1826 1573 1866 letifices.

587 1882 613 1910 2.
638 1878 720 1909 Nam
746 1879 827 1909 sicut
850 1878 984 1909 absente
1009 1882 1100 1920 patre.
1228 1879 1291 1910 cari
1315 1879 1427 1920 lugent
1452 1878 1505 1908 filii

638 1931 680 1962 Et
704 1931 856 1972 magistro
882 1930 1068 1961 discedente
1226 1931 1374 1961 dubitant
1398 1930 1552 1971 discipuli.

638 1984 688 2014 Ita
712 1987 743 2013 te
768 1983 901 2013 absente
927 1993 1054 2013 maeror
1225 1993 1282 2013 nos
1307 1982 1440 2013 involvit
1464 1982 1588 2012 nimius.

586 2039 614 2066 23.
639 2035 722 2076 Lupi
748 2035 830 2065 enim
856 2045 912 2064 nos
937 2045 1070 2075 rapaces
1228 2036 1411 2065 invaserunt
1434 2033 1585 2074 undique,

640 2087 813 2128 Postquam
839 2088 893 2116 tua
918 2087 1092 2128 corporalis
1226 2087 1385 2118 abscessit
1408 2086 1580 2128 presentia„

640 2139 780 2170 Cedibus
805 2142 967 2169 vastantes
992 2139 1121 2180 plebem
1229 2143 1260 2169 et
1284 2139 1396 2170 domos
1420 2137 1577 2168 incendio.

588 2196 614 2223 -1,
640 2193 696 2223 Set
720 2203 776 2223 nos
801 2192 879 2223 deus
904 2196 1000 2234 atquo
1027 2196 1116 2223 tuum
1228 2191 1370 2234 protexit
1395 2190 1585 2221 coenobium

640 2245 708 2276 Nec
732 2245 876 2286 permisit
900 2244 978 2275 illud
1004 2248 1135 2286 gentem
1227 2244 1436 2275 barbarorum
1460 2246 1604 2283 tangere.

639 2296 688 2327 Ne
714 2296 872 2337 gauderet
896 2297 1041 2327 inimicus
1229 2296 1297 2326 eius
1321 2296 1352 2325 111
1378 2294 1513 2325 excidio.

589 2352 616 2379 Γ).
642 2348 744 2389 Surge
770 2352 888 2389 pastor,
913 2349 985 2378 veni
1011 2348 1133 2379 doctor.
1228 2347 1291 2378 noli
1317 2357 1440 2377 mora-m
1465 2346 1583 2378 faeere.

642 2400 682 2430 Et
707 2404 849 2430 errantes
875 2400 955 2430 siout
980 2411 1056 2430 oves
1231 2399 1347 2439 collige
1373 2397 1557 2438 discipulos-1

645 2452 747 2482 Decet
773 2452 856 2481 enim
882 2452 1029 2482 habitare¹
1234 2451 1264 2481 111
1289 2450 1384 2481 (101110
1409 2450 1583 2480 unanimes.

401 2584 444 2614 ,“1,1
466 2583 535 2611 enm]
556 2591 610 2606 com
632 2582 664 2606 Ρ1
754 2582 777 2609 ⁴3,
790 2589 798 2605 1
821 2583 858 2605 ΝΞ
877 2582 969 2605 chorus
993 2585 1017 2604 (a
1036 2589 1048 2604 c
1068 2582 1092 2605 e'n
1112 2581 1175 2605 ras)
1197 2581 1220 2605 P
1305 2580 1349 2607 ΞΛ
1370 2580 1544 2612 subplieemus
1564 2579 1597 2603 Ρ1
1693 2578 1754 2610 10,1
1773 2579 1879 2604 Karlom
1892 2575 1952 2609 llll!

300 2629 379 2658 leym-e
398 2627 444 2650 sibi
463 2626 529 2649 risus
548 2630 582 2649 es!
607 2625 716 2655 llnmpr,
739 2625 782 2656 qui
803 2633 883 2655 nuper
902 2625 979 2648 Kal-lo
1000 2628 1085 2648 nostro
1105 2624 1207 2648 coniecit
1288 2630 1298 2647 ι’
1318 2623 1420 2653 martire
1440 2623 1464 2646 P
1560 2622 1598 2653 13,
1611 2628 1622 2647 2
1641 2622 1760 2647 defendet
1778 2621 1803 2646 P
1892 2625 1952 2653 post

302 2671 339 2700 16,
352 2679 362 2694 υ
384 2678 468 2694 versus
487 2669 583 2700 aliquot
601 2668 669 2693 erasi
687 2668 732 2700 (cf.
753 2676 811 2699 (φρ.
831 2667 866 2692 ad
889 2667 918 2691 II
937 2670 974 2697 12,
988 2667 1011 2698 3)

407 2747 443 2777 11,
457 2754 463 2770 1
485 2745 610 2770 leimam,

404 2797 440 2822 111
461 2798 485 2828 f»,
497 2805 507 2821 2:
526 2797 618 2829 psalm.

720 2746 779 2776 16‚1
800 2745 835 2775 cf.
859 2743 910 2768 ΙΙΙ
932 2747 964 2775 12,
980 2748 995 2768 1.
1068 2753 1078 2768 ⁴:
1098 2743 1265 2776 pror-edente
1284 2751 1301 2767 (ι,
1318 2745 1395 2774 patre
1413 2745 1434 2768 et
1454 2743 1516 2775 filio,

641 2800 691 2822 132.
708 2801 727 2822 I.
