2148 3110
313 149 351 178 78
806 146 963 173 ABBONIS
983 147 1098 173 BELLA
1118 146 1333 173 PARISIACAE
1352 146 1467 172 URBIS.

311 236 418 262 tamen
441 233 490 262 his
515 232 637 263 actibus
661 233 739 263 favit
766 243 872 274 posse.
919 233 1005 273 Ergo
1038 243 1097 262 nec
1127 233 1249 273 positor
1281 232 1409 273 quidem
1440 242 1605 273 nuncupor
1634 242 1693 262 nec
1726 232 1881 272 figmenta
1909 233 1960 263 hic

310 284 482 316 habentur:
521 284 578 314 sed
610 287 738 314 nostrae
769 284 929 314 facultatis
958 284 1062 314 adsint
1094 284 1243 325 presidia.
1297 284 1394 314 Porro
1427 283 1519 313 triadi
1551 287 1675 314 nostros
1704 283 1824 314 credidi
1856 283 1960 314 biblos

310 337 379 366 visu
414 340 445 366 et
478 335 588 366 auditu
621 336 718 366 modo
753 335 932 366 decusatos
984 335 1126 370 Quorum
1161 335 1223 365 duo
1263 335 1391 376 quidem
1425 338 1489 365 tam
1522 335 1631 376 preliis
1665 335 1824 374 Parisiace
1862 335 1960 374 urbis,

310 387 432 418 Odonis
463 398 588 429 quoquc
618 389 719 428 regis,
751 398 845 429 quam
875 388 1020 429 profecto
1045 387 1121 417 almi
1145 398 1182 417 ac
1213 387 1330 428 heroys
1358 387 1527 428 presertim
1550 387 1614 417 mei
1638 386 1791 417 Germani
1817 387 1960 418 eiusdem

310 440 394 470 sedis
419 441 493 470 olim
520 440 642 481 egregii
666 439 817 481 presulis,
851 439 1007 479 effulgent
1038 439 1213 469 miraculis.
1246 439 1325 469 alias
1349 442 1457 469 tamen
1483 438 1677 480 quibuslibet
1701 438 1859 469 inauditis.
1900 438 1961 474 Qui
1993 449 2003 467 5

310 494 418 521 autem
448 492 576 533 supplet
601 492 774 522 trinitatem
800 492 930 529 tere-iim,
960 491 1112 521 horumce
1146 491 1274 531 ignarus
1299 494 1433 520 constat.
1479 490 1561 520 Nam
1587 491 1802 529 cleronomos,
1835 491 1962 520 tametsi

309 547 478 584 angustum
504 547 633 574 maneat
657 544 768 578 situm,
800 543 1025 573 decentissime
1051 546 1156 572 ornat:
1182 546 1247 572 tum
1273 542 1448 572 scolasticis
1473 542 1689 572 ambientibus
1713 542 1819 582 glosas
1843 542 1906 572 suis
1930 542 1961 572 in

309 596 497 626 commentis
515 595 632 625 obnixe
651 595 840 636 complacet,
859 594 1014 635 allegoria
1031 604 1106 624 vero
1126 594 1365 635 aliquantisper7
1384 594 1432 623 cui
1450 594 1516 623 eius
1533 593 1651 634 indago
1668 593 1806 631 libuerit,
1828 594 1959 629 renitet;

309 650 376 677 tum
409 658 467 688 per
498 650 601 677 semet
626 647 776 688 quoniam
802 646 896 676 mutis
920 645 1045 685 inheret
1069 646 1191 683 verbis,
1222 646 1352 686 propria
1375 655 1471 675 mauu
1494 645 1620 685 linguas
1644 645 1809 686 superieci.
1855 645 1962 676 Pedes

310 702 418 729 autem
443 699 473 729 in
499 699 644 729 omnibus
670 698 812 739 opusculi
834 698 979 728 versibus
1004 697 1085 727 adeo
1112 697 1304 738 delegerim,
1329 707 1391 738 quo
1416 697 1653 738 perrarissimos
1677 697 1758 727 forte
1783 697 1962 737 ignorantia
1982 707 2005 724 10

308 751 455 791 potiusve
480 751 640 781 oblivione
670 750 817 791 liquerim
848 749 972 781 clodos:
1007 749 1059 790 qui
1090 752 1198 779 tamen
1231 749 1391 790 periergia
1424 759 1543 789 quaeso
1575 748 1792 789 industriaque
1824 748 1961 789 legentis

309 802 438 832 debitae
462 803 569 832 virtuti
594 802 811 832 restituantur.
858 801 1095 831 Pentimimeris
1119 811 1236 842 nempe
1262 811 1318 831 seu
1342 811 1413 831 cum
1438 804 1510 831 cata
1534 801 1630 830 triton
1654 800 1808 830 trocheon
1833 799 1960 841 eptimi-

309 854 404 884 meris
428 857 497 884 rata
521 853 727 884 similitudine
752 864 810 894 per
834 853 940 883 onmia
965 855 1093 883 currunt
1118 863 1265 890 cesurae7
1298 862 1480 893 quanquam
1506 852 1650 882 bucolice
1674 862 1732 892 per
1755 854 1865 882 tomen
1888 862 1961 892 per-

307 916 419 946 pauca.
473 906 703 936 Communibus
740 908 890 946 preterea
919 905 1048 944 bannite
1078 904 1181 935 modis
1218 915 1289 935 cum
1328 904 1443 934 dieresi
1482 908 1513 934 et
1544 903 1734 945 episinaliffa
1765 913 1828 933 non
1863 902 1961 933 dense

308 968 382 988 usus
407 959 508 989 extiti.
540 958 643 999 Igitur
666 959 824 999 largiente
851 957 956 988 divino
980 967 1112 987 munere
1137 957 1298 997 suggessit
1319 957 1453 987 haecine
1475 956 1552 986 mihi
1574 956 1717 986 facultas
1751 955 1834 991 Quid
1850 956 1961 997 plura?
1981 965 2005 983 15

309 1010 515 1040 ‹jeatalecticus
540 1013 670 1040 cunctus
693 1010 801 1040 existit
823 1019 942 1039 versus.
976 1008 1058 1038 Tum
1083 1009 1184 1038 inulta
1208 1018 1337 1049 prorsus
1361 1008 1423 1038 alia
1444 1008 1556 1038 lectori
1578 1008 1661 1038 seria
1677 1008 1835 1049 parebunt
1851 1006 1962 1037 indita.

308 1061 377 1091 Nec
401 1064 509 1092 tamen
533 1066 664 1103 putetur
686 1062 748 1092 hoc
773 1062 812 1091 ob
845 1061 930 1091 aliud
964 1061 1098 1099 factum,
1131 1061 1191 1090 nisi
1219 1060 1387 1090 materiam
1418 1060 1469 1090 vel
1499 1070 1517 1090 a
1540 1063 1610 1099 tua,
1643 1059 1824 1090 dulcissime
1854 1060 1962 1097 frater,

308 1113 478 1154 prudentia
507 1113 716 1144 hauriendam
749 1124 805 1144 seu
830 1112 1005 1154 cuiuspiam
1035 1112 1166 1142 alterius
1196 1111 1321 1150 diserti,
1353 1122 1423 1142 cum
1454 1111 1495 1142 ad
1524 1122 1635 1142 manus
1659 1112 1798 1150 venerit,
1828 1112 1962 1143 metrici.

308 1164 456 1195 Dactilici
482 1166 610 1206 quidem
629 1166 776 1196 versiculi
798 1165 932 1195 trimetri
956 1164 1132 1206 praepositi
1154 1174 1283 1194 causam
1308 1164 1478 1194 enucleant
1500 1164 1561 1196 sui:
1585 1163 1644 1194 sed
1660 1164 1790 1194 minime
1808 1163 1962 1194 exauditi.

308 1215 439 1255 Verum⁷
466 1217 551 1257 quod
575 1217 661 1248 haud
684 1216 770 1258 apud
793 1217 998 1257 magistrum,
1024 1216 1137 1246 saltem
1165 1218 1346 1245 mereantur
1368 1215 1507 1245 nancisci
1531 1225 1632 1255 penes
1655 1226 1852 1256 germanum.
1981 1223 2006 1241 ‘20

514 1277 687 1308 GAUDIA
706 1295 710 1300 -
730 1277 850 1312 QUOT
871 1276 999 1307 RADH
1021 1275 1137 1306 FEBO
1156 1293 1160 1298 ·
1181 1275 1271 1306 Tlssl
1297 1275 1396 1306 SINT
1418 1275 1474 1305 ET
1496 1275 1707 1306 HONORES

514 1328 606 1360 CUM
645 1329 747 1360 FINE
773 1347 777 1352 ·
806 1328 851 1359 IN
892 1328 994 1359 FINE
1022 1346 1027 1350 -
1054 1327 1175 1358 CLAM
1215 1326 1398 1362 QUOQUE
1439 1326 1542 1357 FINE
1568 1345 1573 1349 ·
1599 1327 1699 1358 DEO.

950 1387 1116 1413 EXPLICIT
1138 1386 1322 1412 EPISTOLA.

662 1589 919 1625 VERSICULI
948 1589 1010 1624 AD
1041 1589 1329 1624 MAGISTRUM
1359 1588 1609 1624 DACTILICI.

537 1665 564 1695 O
588 1665 760 1706 pedagoge
785 1675 875 1695 sacer
898 1665 1021 1695 meritis
1134 1669 1136 1704 ς
1236 1664 1422 1705 Per-rogitat
1446 1665 1574 1694 matites
1598 1663 1711 1694 liniens

536 1716 693 1755 Aj‘moine
718 1717 778 1758 piis
802 1716 931 1747 radians
1179 1729 1190 1746 5
1237 1716 1300 1746 Ore
1324 1716 1425 1758 pedes
1450 1715 1631 1756 digitosque
1656 1718 1737 1754 tuos,

536 1769 708 1810 Digneque
734 1768 859 1799 sidereo
885 1767 1012 1803 decore,
1236 1767 1380 1798 Cernuus
1404 1767 1500 1798 Abbo
1525 1770 1596 1797 tuus
1620 1767 1748 1808 iugiter.

412 1882 424 1906 1
455 1890 544 1914 possae
564 1881 597 1905 P¹
661 1880 740 1913 (111111ὲῖ
756 1881 791 1905 P¹
849 1883 965 1912 nurupor
990 1880 1014 1903 ῐιι
1035 1866 1151 1911 111131111111·
1175 1888 1241 1904 corr.
1262 1880 1286 1903 Ι)
1379 1879 1396 1903 ‘2
1423 1880 1488 1904 biles
1507 1880 1540 1904 1³¹
1588 1905 1596 1923 f
1643 1879 1658 1904 6
1682 1881 1789 1912 ignarus
1813 1881 1839 1904 in
1861 1888 1914 1904 ras.
1940 1879 1965 1903 P

344 1931 433 1957 “cnstat
453 1934 476 1957 P
572 1933 604 1957 12'
629 1937 712 1957 catatu
732 1933 765 1956 P¹
865 1931 896 1956 13
923 1936 1023 1963 promen
1045 1931 1078 1955 P:
1104 1941 1169 1955 rurr.
1194 1931 1310 1962 Bouquet
1408 1930 1438 1955 14
1457 1932 1617 1964 aepisinalit'a
1636 1932 1661 1956 P
1758 1931 1789 1955 18
1809 1932 1909 1956 disserti
1928 1931 1962 1955 P¹

310 1976 339 2000 13)
359 1977 472 2000 exauditi
484 1976 554 2007 ljssf's'
575 1977 670 2000 Uerum
686 1976 709 1999 P
778 1974 811 1998 ‘2'2
830 1975 863 1998 IN
885 1975 964 1998 FINE
979 1975 1008 2004 P,
1030 1976 1148 1999 lineolam
1172 1975 1274 1998 ‹FINEJ
1295 1975 1514 2001 atld.⁷11a1z.rec.:
1538 1975 1655 2006 deinceps
1669 1975 1694 1999 in
1709 1975 1764 1998 eod.
1783 1975 1962 2007 ‹listinyuitur;

307 2020 402 2051 gaudia
423 2020 467 2043 tibi
488 2020 539 2043 sint
559 2020 583 2043 in
604 2019 653 2043 tine
674 2019 700 2047 (ἱ.
715 2028 734 2042 e.
756 2022 846 2047 morte)
867 2022 892 2041 et
911 2018 965 2042 siue
985 2018 1035 2041 tine
1056 2018 1082 2042 (i.
1096 2026 1115 2042 e.
1136 2017 1253 2047 aeterna)
1272 2026 1329 2041 cum
1349 2018 1399 2042 fine
1424 2018 1470 2041 deo
1496 2018 1549 2049 (qui
1568 2023 1603 2042 est
1622 2020 1644 2041 A
1664 2022 1688 2042 et
1709 2019 1739 2047 Ω,
1759 2019 1913 2050 principium
1932 2022 1958 2042 et

307 2063 376 2086 finis:
397 2062 497 2094 (Ψοειιί,
520 2065 541 2091 1,
556 2064 583 2090 8)

410 2139 534 2170 Ltyzgsnne.
572 2139 584 2163 1
606 2139 715 2171 positor:
735 2142 808 2170 poeta
887 2137 903 2161 ⁸2
923 2138 1067 2162 facultatis:
1090 2138 1125 2161 -i-
1148 2138 1322 2169 possibilitatis
1341 2134 1512 2169 (fis-sibilantis
1526 2137 1558 2165 P}
1608 2139 1698 2162 triadi:
1714 2139 1821 2163 trinitati
1866 2139 1961 2163 biblos:

306 2183 384 2206 libros
472 2182 487 2206 3
507 2183 596 2207 modo:
616 2186 716 2206 tantum
770 2181 916 2205 decusatos:
938 2185 1041 2205 ornatos
1130 2180 1145 2205 4
1165 2182 1272 2212 heroys:
1293 2181 1387 2204 domiui
1475 2181 1491 2205 5
1509 2181 1588 2205 alias:
1608 2181 1670 2205 alibi
1756 2181 1772 2206 G
1791 2182 1961 2206 cleronomos:

307 2226 419 2250 clericos.
442 2226 603 2250 Clerouomia
622 2234 708 2258 grece,
734 2225 812 2249 latine
832 2225 952 2253 ereditas
979 2225 1036 2249 inde
1056 2225 1215 2248 cleronomus
1235 2225 1270 2247 ·i·
1291 2225 1363 2248 heres
1387 2225 1414 2255 (h
1433 2225 1476 2253 ss.)
1502 2224 1548 2248 dei.
1639 2223 1652 2248 7
1672 2228 1826 2256 angustum:
1846 2226 1961 2250 strictum

341 2273 458 2294 maneat:
479 2270 523 2294 sit:
543 2278 632 2293 maneo
652 2273 676 2294 te
695 2273 720 2292 ‹·t
738 2269 783 2293 tibi
832 2272 903 2292 tum:
917 2272 942 2292 et
1024 2269 1039 2291 ὃ
1059 2269 1224 2292 commentis:
1239 2268 1468 2299 etmiposiciouibus
1519 2267 1628 2291 obnixe:
1643 2268 1717 2292 valde
1764 2268 1960 2300 aliquantisper:

305 2312 495 2343 aliquantulum
550 2313 620 2336 cius:
640 2322 659 2336 s:
679 2312 799 2343 allegsuie
854 2312 963 2343 indago:
984 2312 1119 2342 inquisieio
1172 2311 1292 2335 libuerit:
1313 2311 1436 2343 placuerit
1523 2310 1538 2334 9
1558 2319 1633 2334 cum:
1652 2315 1677 2334 et
1730 2311 1825 2335 mutis:
1846 2311 1961 2335 obscuris

340 2356 457 2386 linguas:
477 2356 561 2387 glosas
667 2354 700 2379 10
719 2355 851 2386 opusculi:
871 2363 890 2378 s.
904 2355 981 2378 huius
1030 2355 1108 2378 adeo:
1129 2355 1153 2378 iu
1174 2358 1274 2378 tantum
1328 2354 1481 2385 delegerim:
1501 2361 1528 2376 e>
1587 2362 1653 2385 quo:
1674 2358 1702 2377 ut
1761 2354 1959 2385 perrarissimos:

306 2399 379 2422 valde
393 2408 436 2425 --;
457 2407 475 2422 s.
490 2407 580 2422 versus
670 2397 697 2421 11
720 2398 764 2428 qui
778 2408 782 2421 :
803 2406 822 2421 s.
837 2406 926 2422 versus
980 2398 1120 2429 periergia:
1141 2397 1247 2421 solercia
1336 2396 1366 2420 13
1385 2400 1455 2421 rata:
1475 2400 1581 2428 accepta
1640 2397 1824 2421 similitudine:
1845 2397 1960 2429 exemplo

305 2442 413 2465 aliorum
442 2446 578 2465 metrorum
642 2448 775 2465 cesurae:
804 2441 942 2464 divisiones
1049 2440 1080 2464 14
1108 2441 1240 2470 baunite:
1274 2440 1364 2464 sillabe
1426 2440 1515 2463 dieresi
1538 2449 1543 2462 ε
1572 2439 1717 2463 dississione
1746 2439 1803 2470 (sic)
1870 2440 1960 2471 aepisi-

306 2485 407 2508 naliffa:
428 2485 606 2508 coniunctione
661 2484 754 2507 dense:
776 2484 920 2514 {requenter
1011 2483 1041 2506 15
1057 2484 1146 2507 extiti:
1166 2484 1202 2507 fui
1260 2483 1404 2514 suggessit:
1425 2482 1629 2506 subministravit
1692 2483 1752 2513 quid
1771 2483 1860 2514 plura:
1880 2491 1899 2506 s.
1918 2491 1960 2506 ex-

306 2528 403 2559 pediam
502 2527 533 2551 16
553 2532 623 2551 tum:
642 2531 667 2551 ct
712 2535 830 2558 prorsus:
851 2531 917 2550 certe
962 2527 1043 2550 seria:
1064 2527 1137 2551 utilia
1184 2527 1328 2558 parebunt:
1348 2534 1395 2557 ap*
1441 2526 1535 2549 indita:
1556 2526 1650 2549 inserta
1747 2524 1778 2549 17
1797 2527 1829 2550 ob
1841 2536 1845 2550 :
1859 2530 1960 2558 propter

340 2572 488 2596 materiam:
509 2580 528 2594 s.
543 2571 575 2595 ob
586 2584 618 2586 ᾈ
707 2570 738 2594 IS
757 2570 917 2602 cuiuspiam:
938 2578 956 2593 s.
972 2570 1108 2601 prudentia
1163 2571 1265 2594 diserti:
1286 2570 1358 2601 periti
1449 2568 1479 2593 19
1499 2569 1652 2593 enucleant:
1671 2570 1789 2601 aperiunt
1838 2569 1894 2592 sui:
1914 2577 1959 2600 pro

305 2614 392 2638 ‘suam'
473 2614 506 2638 ⁵2«)
526 2622 630 2637 verum:
650 2614 693 2637 scd
746 2613 832 2637 haud:
852 2621 903 2637 nou
956 2614 1023 2644 apud
1044 2614 1210 2645 magistrum:
1231 2622 1250 2637 s.
1265 2616 1411 2637 meruerunt
1467 2621 1634 2644 germanum:
1654 2621 1674 2637 s.
1693 2617 1717 2636 te
1796 2611 1830 2636 22
1849 2613 1957 2636 GLAM:

305 2659 358 2682 sinc
413 2658 567 2688 QUOQUE:
588 2666 631 2689 pro
651 2658 691 2680 ‘et'

411 2701 421 2725 1
443 2701 589 2732 pedagoge:
611 2701 732 2731 magister
819 2698 835 2722 2
854 2700 972 2723 radians:
993 2700 1094 2731 fulgens
1177 2698 1191 2723 3
1211 2700 1323 2723 sidereo:
1344 2699 1429 2723 celesti
1484 2699 1589 2723 decore:
1610 2706 1685 2723 onore
1768 2697 1784 2721 4
1804 2698 1956 2730 perrogitat:

305 2744 377 2768 valde
406 2744 515 2776 pustulat
569 2744 686 2767 mathitcs
704 2753 708 2766 :
728 2742 865 2767 clientulus
920 2742 1011 2766 liniens
1028 2752 1032 2766 τ
1053 2743 1203 2766 deosculans
1294 2743 1310 2767 5
1338 2751 1379 2766 ore
1396 2752 1400 2765 :
1421 2751 1440 2765 s.
1466 2750 1567 2765 cum—
1656 2741 1671 2765 6
1699 2749 1810 2765 cernuus
1827 2751 1831 2764 :
1853 2741 1958 2765 humilis

343 2787 451 2818 iugiter:
473 2787 559 2810 sedule
