2148 3110
302 138 364 167 312

602 288 629 305 60

602 546 626 564 65

602 806 626 824 70

603 1064 626 1082 ⁷5

603 1324 628 1341 80

604 1585 628 1602 35

771 136 975 163 SALOMONIS
995 136 1040 162 ΕΤ
1060 134 1292 162 WALDRAMMI
1312 134 1487 161 CARMINA.

670 224 848 263 Ploramus,
874 224 1042 264 gemimus,
1067 223 1125 254 sed
1148 233 1207 254 nec
1231 222 1384 264 prodesse
1409 222 1562 261 valemus,

715 275 836 306 Luctus
859 274 953 305 adest
977 275 1085 311 oculis,
1110 278 1158 305 est
1181 284 1286 315 neque
1311 274 1430 304 fructus
1455 274 1533 315 opis.

669 327 805 357 Viscera
829 330 1028 368 torquentur,
1053 327 1235 357 lacerantur
1258 326 1355 357 corda
1379 326 1524 364 tumultu,

715 379 795 409 Sunt
820 379 884 409 cari
909 379 1052 417 extincti,
1077 378 1182 409 fiendo
1208 377 1326 409 cadunt
1349 378 1441 409 oculi.

670 430 755 461 Ecce
779 433 913 461 vocatur
936 441 1035 463 amor,
1061 440 1120 461 nec
1142 431 1206 461 iam
1230 432 1400 460 revocatur
1423 432 1554 468 amator,

712 482 779 512 Nos
803 492 908 523 neque
933 483 996 513 iam
1020 482 1149 523 repetit,
1174 492 1269 523 quem
1293 485 1387 522 petra
1410 491 1516 512 mersa
1539 481 1629 522 tegit.

672 533 792 564 Ibimus
817 543 894 574 ergo
920 544 1030 564 omnes
1054 534 1117 564 alia
1139 534 1271 574 regione
1295 532 1432 571 locandi,

714 585 835 616 Ibimus
859 585 900 616 ad
924 586 1070 627 patriam,
1097 596 1176 627 quos
1199 585 1371 626 peregrina
1394 587 1514 615 tenent.

670 637 719 668 Ne
745 638 916 677 cru<ci>ere
941 642 1042 679 pater,
1067 648 1107 668 ne
1132 648 1207 668 casu
1231 639 1251 676 1-
1275 637 1393 667 laberis
1417 640 1503 668 esto:

712 689 785 719 Non
808 689 892 720 hunc
916 690 993 720 tlerc
1019 689 1122 727 decet,
1148 700 1243 731 quem
1267 689 1435 730 paradisus
1459 689 1567 720 habet.

670 741 767 776 Quod
789 741 879 772 iubet
903 742 1115 783 omnipotens,
1139 752 1202 772 non
1226 751 1395 783 possumus
1420 751 1490 771 esse
1514 741 1666 773 rebelles:

714 793 812 824 Forte
838 793 934 824 deum
959 796 1070 824 contra
1094 797 1143 824 est
1166 794 1249 824 illius
1273 796 1345 824 acta
1369 793 1490 824 dolens.

671 845 760 875 Illius
785 855 859 876 ecce
885 856 993 876 sumus
1018 846 1206 886 figmentum
1232 849 1264 876 et
1288 845 1415 886 spiritus
1439 844 1513 875 inde
1539 848 1600 875 est:

712 896 792 927 Cum
816 897 915 929 iubet.
939 898 1012 928 hinc
1036 898 1127 930 imus.
1153 898 1204 939 qui
1229 908 1336 928 sumus
1361 897 1428 927 eius
1452 896 1552 938 opus)

670 948 791 990 Accipe
817 949 971 985 solamen,
997 949 1083 990 quod
1108 949 1168 980 scis
1193 949 1353 991 spondere
1378 952 1556 979 creantem:

715 1000 762 1030 ‘In
786 1010 838 1031 me
864 1001 915 1041 qui
942 1000 1053 1040 credit,
1079 1011 1141 1032 non
1165 1000 1329 1032 morietur*
1354 1001 1408 1032 ait.

673 1051 817 1093 Spondet
840 1052 945 1083 adhuc
969 1053 1077 1087 etiam,
1102 1053 1206 1083 nullus
1232 1053 1280 1083 cui
1306 1052 1454 1083 detrahat
1477 1062 1639 1094 umquam,

715 1102 783 1142 Qne
810 1102 872 1134 duo
897 1103 1084 1144 deposcant,
1108 1107 1143 1134 ut
1167 1104 1227 1134 sibi
1251 1103 1357 1134 danda
1381 1104 1494 1134 sciant:

672 1154 716 1185 ‘Si
741 1154 803 1185 duo
828 1154 868 1185 de
892 1155 984 1185 vobis
1008 1156 1090 1186 votis
1116 1154 1336 1186 concordibus'
1362 1155 1450 1185 aiens

716 1207 904 1248 ‘Implorant
928 1207 1059 1248 aliquid,
1084 1207 1145 1238 hoc
1169 1211 1262 1249 pater
1285 1208 1354 1249 ipse
1379 1206 1489 1239 dabit'.

672 1259 705 1289 Si
729 1262 861 1300 possunt
885 1259 947 1289 rari
971 1258 1100 1290 domino
1125 1263 1289 1300 prestante
1314 1260 1441 1297 mereri,

717 1310 786 1350 Que
811 1311 960 1352 precibus
984 1315 1129 1352 poscunt,
1155 1311 1231 1353 quid
1255 1321 1426 1342 numerosa
1450 1314 1591 1352 queunt?

673 1362 782 1393 Turba
806 1362 1021 1399 sacerdotum,
1046 1363 1275 1394 monachorum
1301 1373 1415 1404 corpus
1438 1363 1571 1403 inerme,

716 1414 830 1455 Nonne
856 1425 927 1446 cum
952 1415 1066 1455 viduis,
1091 1426 1215 1457 pauper
1237 1416 1394 1457 inopsque
1419 1415 1571 1457 phalanx,

674 1466 787 1498 Clerus
812 1477 883 1498 cum
907 1468 1015 1509 vulgo,
1040 1468 1110 1498 vilis
1134 1478 1205 1499 cum
1229 1467 1327 1499 divite
1351 1478 1486 1507 summo,

717 1518 797 1549 Cum
821 1519 944 1550 maiore
968 1520 1080 1558 minor,
1105 1530 1176 1551 cum
1200 1530 1300 1561 puero
1324 1519 1430 1550 senior

674 1570 911 1602 commendant
936 1572 1075 1602 animam
1101 1571 1199 1602 Ihesu
1223 1582 1294 1602 cum
1320 1571 1484 1612 questibus
1508 1571 1609 1612 ipsam

715 1622 836 1654 Fratris
860 1624 1014 1664 germani,
1041 1623 1157 1655 domne
1181 1624 1289 1662 beate,
1314 1623 1368 1654 tui.

1120 1763 1150 1784 11.

675 1813 807 1852 Rursus,
831 1815 940 1843 sancte
964 1815 1067 1854 pater,
1092 1816 1146 1844 tua
1171 1823 1221 1844 me
1247 1813 1374 1843 dilectio
1400 1813 1495 1853 cogit,

719 1864 867 1895 Scribere
893 1864 1069 1906 doctiloqui
1093 1865 1193 1896 verba
1217 1865 1321 1906 perita
1344 1865 1413 1896 viri.

677 1916 765 1947 ‘Esto
790 1916 881 1946 virile
907 1915 1014 1955 decus,
1040 1917 1202 1958 patienter
1225 1917 1316 1947 vince
1341 1915 1484 1946 dolores:

720 1967 814 2003 Quod
838 1978 902 1998 non
925 1968 1053 2005 vitatur,
1078 1969 1130 1999 vel
1155 1968 1311 1999 toleretur
1335 1978 1424 1999 onus·

627 2040 632 2050 ‚
678 2020 765 2050 Talis
791 2020 851 2050 erit
874 2020 1023 2061 populus,
1050 2021 1178 2062 qualem
1202 2024 1233 2051 te
1258 2019 1374 2051 viderit
1398 2030 1480 2058 esse,

615 2294 636 2310 10

719 2072 834 2114 Deque
859 2076 914 2103 tua
938 2072 1020 2103 facie
1044 2073 1136 2116 plebs
1161 2083 1218 2104 sua
1241 2076 1317 2104 vota
1339 2073 1440 2104 metit.

678 2124 826 2165 Denique
851 2124 910 2155 Iob
935 2127 1027 2155 natos
1052 2128 1178 2166 septem
1202 2135 1264 2156 uno
1290 2125 1379 2156 triste
1404 2124 1462 2155 sub
1487 2124 1551 2155 ictu

721 2176 884 2207 Amittens
909 2175 1020 2207 laudes
1044 2177 1167 2208 rettulit
1191 2187 1245 2207 ore
1270 2176 1342 2208 deo.

680 2228 814 2258 Femina
838 2228 886 2259 bis
911 2228 987 2259 felix
1013 2229 1064 2270 pia
1087 2232 1192 2259 mater
1214 2228 1466 2260 Macliabeorum

724 2279 825 2310 Natos
850 2283 974 2321 septem
998 2291 1061 2311 uno
1086 2281 1196 2311 funere
1221 2281 1287 2311 leta
1310 2280 1391 2311 tulit.

417 2410 450 2434 62
470 2410 553 2440 flendo
574 2409 595 2433 Ν

416 2573 527 2598 435—67
556 2572 672 2598 Fortun.
699 2572 745 2597 IX
764 2576 785 2603 2,
804 2576 918 2597 69-71.

314 2627 346 2650 ⁴50
370 2625 483 2650 Fortun.
502 2625 547 2650 IX
566 2628 587 2656 2,
606 2628 642 2650 75.

315 2678 329 2702 i.
348 2685 368 2703 e,
386 2677 473 2709 pittaci.

419 2737 433 2753 11
454 2729 470 2753 ⁴2
489 2728 523 2759 cf.
541 2728 629 2759 praes.

316 2784 338 2813 2,
357 2784 400 2806 103
413 2788 449 2812 sq.

675 2408 707 2433 (57
727 2410 780 2434 Nec
798 2418 871 2434 ruere
891 2410 924 2434 S:
944 2419 1010 2435 corr.
1033 2411 1180 2436 llusemmler
1200 2412 1248 2442 (Ne
1267 2411 1379 2435 cruciere
1399 2411 1485 2442 igitur,
1506 2410 1546 2442 pie
1565 2419 1617 2441 rex,
1639 2411 1774 2435 fortissime
1793 2411 1910 2442 princeps
1923 2409 1963 2440 F)

349 2462 409 2478 casu
429 2453 564 2477 laetaberis
583 2453 630 2476 isto
650 2452 747 2483 Ber-qh
760 2453 826 2483 sort.
846 2461 877 2477 ne
897 2462 957 2478 casu
976 2454 1062 2479 labere
1081 2458 1177 2478 maesto
1266 2452 1298 2477 75
1317 2453 1392 2477 etiam
1412 2452 1431 2484 (i
1450 2453 1477 2477 ιή
1496 2452 1559 2484 ras.)
1579 2454 1601 2478 »S

417 2505 432 2521 11
455 2497 486 2522 lO
505 2497 570 2520 -Vll-
594 2496 614 2520 S

1025 2574 1058 2597 fis
1079 2572 1194 2598 Fortun.
1219 2572 1261 2598 VI
1278 2576 1304 2604 5,
1320 2575 1370 2597 370
1397 2573 1485 2604 (ha-nc
1514 2574 1536 2597 et
1563 2582 1659 2606 quam,
1687 2581 1719 2598 sc.
1749 2571 1965 2604 Gclcsuintham).

715 2625 743 2649 Tl
758 2633 793 2656 sq.
812 2623 926 2649 Fortun,
951 2624 993 2649 IX
1013 2628 1035 2653 2,
1050 2628 1079 2650 79
1092 2633 1127 2656 sq.
1199 2624 1230 2649 74
1252 2623 1305 2649 Iuli.
1326 2632 1361 2648 rr.
1383 2628 1407 2655 8,
1421 2628 1457 2649 51.
1530 2624 1561 2649 77
1585 2624 1679 2649 March.
1699 2629 1736 2657 1⁸,
1755 2629 1787 2650 19.
1859 2624 1892 2649 79
1911 2623 1964 2649 rari

701 2727 716 2752 3
735 2736 769 2759 sq.
788 2726 906 2752 Fortun.
928 2727 977 2752 IX
995 2730 1018 2759 L),
1031 2731 1061 2753 &5
1074 2735 1108 2759 sq.
1180 2728 1256 2752 5—s
1272 2726 1387 2752 Fortun.
1402 2727 1450 2752 IX
1467 2730 1489 2759 2,
1503 2731 1635 2762 977100.

1706 2728 1722 2753 9
1739 2735 1776 2759 sq.
1791 2726 1905 2753 Fortun.
1920 2727 1968 2752 IX
