2148 3110
282 130 343 160 294
969 127 1048 154 LIOS
1067 127 1247 154 MONOCUS.

645 213 774 255 Furque
799 214 903 244 cubile
928 224 985 244 sua
1008 216 1149 244 vestrum
1173 214 1318 255 inquinet
1342 216 1410 244 arte
1435 213 1561 250 dolosa;
1797 219 1918 248 fol.219r

647 264 712 296 Sed
735 266 891 307 patientia
916 268 948 295 et
969 264 1170 305 indulgentia
1192 275 1322 306 paxque
1347 265 1497 306 benigna,

645 317 758 348 Insons
777 328 814 348 ac
837 318 952 359 pietaS,
978 327 1109 348 concors
1135 317 1274 357 dilectio,
1299 328 1381 359 quae
1406 321 1478 348 sunt

565 381 602 399 530
645 369 808 400 Virtutum
833 369 947 410 stirpes
972 369 1106 400 aliarum
1131 379 1269 410 spesque
1294 369 1461 409 bonarum,

647 420 716 451 Sint
739 421 837 451 animi
859 421 965 462 vigilis
990 421 1163 462 spiramine
1187 431 1317 463 semper
1341 421 1428 462 apud
1451 432 1517 461 vos,

643 472 771 503 Fortius
796 475 939 503 atrocem
963 482 1116 514 superare
1142 473 1267 514 queatis
1290 476 1325 503 ut
1349 473 1486 513 hostem,

647 524 751 560 Quem
776 524 854 555 deus
880 525 1047 566 expellens
1072 527 1104 555 et
1127 524 1282 555 damnans
1305 525 1425 555 vincxit
1448 525 1480 555 in
1502 525 1578 565 imo,

646 575 699 613 Ut,
724 576 804 607 sicut
827 576 984 617 scriptura
1007 576 1117 615 refert,
1142 575 1313 617 splendore
1337 576 1440 607 nitere

564 641 601 659 535
647 627 778 669 Tytanis
802 630 929 669 sceptro
954 628 1089 658 valeatis
1113 628 1213 669 patris
1236 628 1268 658 in
1292 628 1368 667 alto,

645 679 781 710 Accidat
805 682 837 710 et
861 679 962 718 vobis,
987 679 1064 710 alibi
1089 679 1175 721 quod
1199 680 1329 721 scriptio
1354 679 1452 710 fatur:

645 731 693 762 ‘In
716 741 816 772 regno
839 731 962 762 meritis
984 731 1058 762 iusti
1082 731 1271 762 sublimibus
1294 731 1359 762 alto

645 782 725 814 Cum
751 782 879 814 domino
904 783 1036 823 deyent3
1062 793 1198 825 quorum
1222 786 1295 814 sunt
1318 784 1463 825 praemia
1485 783 1602 825 plura',

643 835 755 866 Ihesus
777 835 850 866 item
872 835 962 866 nobis
985 834 1169 866 doctissima
1193 835 1346 877 dogmata
1368 835 1476 874 fatur:

564 900 601 918 540
646 887 779 918 ‘Felices
801 887 909 918 miseri
932 888 1018 927 flatu,
1045 887 1131 929 quod
1153 898 1272 929 nempe
1297 898 1475 927 supremum

644 939 790 979 Ipsorum
812 942 857 970 est
880 944 1051 981 sceptrum,
1076 939 1151 970 dum
1176 939 1298 980 degunt
1321 940 1389 970 iure
1412 942 1563 982 potentes.

644 991 771 1022 Felices
795 991 938 1031 stabiles,
964 992 1115 1033 quoniam
1138 992 1261 1022 telluris
1285 991 1326 1022 ab
1352 1002 1407 1023 ore

646 1043 763 1074 Divino
787 1043 944 1085 promissa
968 1043 1028 1074 sibi
1052 1044 1212 1085 possessio
1236 1043 1343 1084 longa.

646 1095 783 1135 Felices,
809 1096 861 1137 qui
884 1106 967 1126 nunc
990 1095 1118 1137 plorant
1143 1106 1179 1126 ac
1202 1096 1281 1126 flent
1303 1096 1476 1137 patienter,

566 1159 602 1177 545
647 1147 812 1178 Laeticiae
837 1147 923 1189 quod
948 1150 1040 1178 erunt
1063 1157 1191 1189 semper
1214 1147 1369 1178 solamine
1395 1147 1493 1189 digni.

646 1198 784 1239 Felices,
809 1199 863 1240 qui
886 1202 994 1230 mente
1019 1199 1131 1230 volunt
1155 1199 1350 1240 cupiuntque
1375 1199 1480 1230 tenaci

647 1250 769 1282 Iusticii
792 1261 947 1291 normam,
973 1251 1123 1293 quoniam
1149 1251 1226 1281 fient
1251 1251 1368 1283 satiati.

646 1303 783 1343 Felices,
809 1303 923 1345 opibus
947 1304 1001 1345 qui
1023 1314 1106 1334 nunc
1130 1303 1322 1334 miserentur
1346 1303 1467 1344 egenis,

648 1355 743 1391 Quod
768 1355 857 1386 dives
881 1355 990 1397 presul
1014 1356 1104 1396 large
1129 1355 1334 1386 miserebitur
1357 1355 1419 1386 illis

567 1419 604 1438 550
648 1406 696 1438 Ac
719 1408 893 1438 miserante
917 1407 963 1438 illi
988 1407 1143 1438 ditissima
1167 1407 1251 1438 dona
1275 1410 1458 1449 sequentur.

647 1459 774 1490 Felices
799 1464 831 1490 et
855 1460 894 1499 ei,
920 1460 973 1501 qui
997 1470 1078 1501 pura
1101 1463 1211 1491 mente
1236 1460 1398 1497 resistunt,
1792 1458 1922 1490 fol.219v

648 1511 810 1553 Perpetue
837 1512 987 1553 quoniam
1012 1513 1148 1554 spetiem
1172 1515 1300 1542 cercent
1325 1511 1463 1543 deitatis.

648 1563 785 1603 Felices,
811 1565 863 1605 qui
887 1574 1016 1605 semper
1039 1568 1149 1595 amant
1172 1563 1393 1595 moderamina
1416 1564 1515 1605 pacis,

653 1616 747 1651 Quod
772 1616 851 1647 deus
875 1617 907 1646 in
930 1626 1064 1647 numero
1089 1617 1187 1658 prolis
1212 1616 1375 1647 desiderat
1398 1617 1469 1647 illos

570 1680 606 1698 555
651 1668 760 1709 Atque
785 1669 832 1698 sui
855 1668 922 1698 nati
946 1668 1091 1699 dicentur
1113 1669 1181 1699 iure
1205 1669 1348 1710 perenni.

649 1719 786 1759 Felices,
811 1720 864 1761 qui
887 1729 1053 1760 pressuras
1077 1720 1216 1751 tolerant
1240 1721 1428 1761 sequicrque

650 1771 801 1802 Tramitis
825 1771 866 1802 ob
890 1772 969 1802 recti
992 1772 1111 1813 legalia
1133 1773 1202 1802 iura
1226 1772 1340 1811 fidelis,

650 1823 783 1854 Illorum
807 1823 958 1865 quoniam
982 1828 1144 1865 sceptrum
1168 1824 1288 1855 celeste
1312 1824 1457 1866 polorum
1483 1828 1541 1857 est.

650 1875 777 1906 Felices
802 1875 899 1915 eritis,
925 1885 996 1906 cum
1020 1876 1147 1917 probris
1170 1876 1375 1917 ridiculisque

388 1972 438 1996 535
457 1972 540 2004 suppl.
562 1971 675 2002 Lebiffsstte
763 1970 813 1996 539
837 1972 925 1996 lhesus
950 1973 1010 1996 item
1035 1973 1108 1996 uobis
1128 1973 1149 1996 d.
1169 1973 1191 1996 d.
1212 1974 1279 1996 satur
1304 1973 1397 1996 conieci
1484 1971 1536 1997 540
1558 1981 1705 2005 supremum
1729 1973 1813 2004 suppl.
1838 1972 1938 1997 Traube

285 2015 333 2040 547
348 2016 445 2040 Iusticii
458 2016 493 2040 sic
506 2015 529 2039 1¹
579 2014 708 2047 552-f0r1.
722 2019 838 2045 cerneut3
858 2024 894 2039 αη
911 2023 958 2040 roa:
971 2015 1110 2047 Hisperica
1125 2016 1178 2040 est?
1196 2014 1342 2048 δέρκεσθαι
1355 2020 1489 2047 comparat
1507 2015 1606 2040 Traube
1660 2015 1710 2041 556
1723 2016 1807 2047 suppl.
1822 2015 1936 2048 Lebeyue

390 2084 504 2109 Glossae.
532 2083 582 2108 5:29
601 2082 716 2115 concors]
737 2083 752 2108 1.
773 2087 798 2108 ct
812 2097 843 2100 -
922 2083 973 2109 542
991 2083 1101 2117 teum-is]
1122 2085 1137 2109 i.
1157 2090 1223 2116 terre
1303 2084 1353 2109 543
1371 2083 1506 2117 promissa]
1526 2086 1559 2111 ÷
1577 2084 1606 2116 (i.
1620 2093 1640 2110 e.
1659 2089 1707 2116 est,
1727 2085 1772 2110 sed
1791 2086 1805 2110 i.
1826 2089 1884 2110 ame
1904 2085 1937 2110 ÷

286 2129 404 2153 omissum
422 2127 470 2159 est)
556 2126 608 2152 550
632 2126 777 2159 miserante]
805 2127 820 2152 i.
841 2135 870 2152 eo

389 2196 437 2222 527
453 2195 486 2227 cf.
501 2204 522 2221 e.
533 2204 558 2228 9.
572 2195 629 2220 1011..
645 2203 679 2221 er.
694 2198 733 2227 10,
745 2199 770 2224 1;
790 2194 871 2221 Paul.
886 2194 920 2220 ad
937 2195 1021 2221 Thess.
1036 2196 1085 2227 15,
1099 2199 1119 2221 2.
1135 2201 1164 2227 4,·
1184 2196 1258 2221 Petri
1271 2204 1307 2228 ep.
1322 2195 1357 2221 ΙΙ
1365 2198 1388 2227 3,
1401 2199 1438 2221 10.
1510 2196 1560 2221 528
1574 2195 1606 2227 cf.
1620 2204 1640 2221 e.
1654 2205 1680 2229 9.
1695 2195 1775 2221 Paul.
1789 2194 1824 2220 ad
1838 2194 1937 2228 Ephes.

287 2251 310 2279 6,
324 2251 351 2272 11
363 2254 417 2279 sqq.
480 2247 530 2273 529
543 2254 579 2279 sq.
593 2246 706 2272 dilectio
720 2255 844 2280 spesque.
907 2247 958 2273 533
971 2247 1004 2278 cf.
1018 2247 1117 2280 (apocal.
1135 2250 1177 2279 20,
1189 2250 1212 2273 2.
1275 2248 1325 2272 534
1339 2246 1433 2272 Manli.
1448 2249 1485 2279 13,
1497 2250 1529 2272 43
1543 2249 1608 2272 tunc
1623 2247 1689 2273 iusti
1705 2246 1853 2280 fulgebunt
1866 2246 1938 2272 sient

286 2299 325 2324 sol
346 2298 374 2324 in
393 2306 478 2331 regno
499 2298 585 2331 patris
600 2306 705 2329 eoi-uim
724 2298 756 2329 cf.
771 2306 827 2330 sap.
841 2301 864 2330 3,
878 2301 892 2323 7
908 2301 933 2324 et
946 2298 1021 2324 Dan.
1035 2302 1074 2331 12,
1087 2301 1110 2325 3.
1181 2299 1230 2324 537
1246 2298 1311 2324 Luc.
1324 2306 1358 2324 er.
1375 2302 1397 2331 6,
1414 2301 1446 2324 ‘23
1459 2307 1520 2324 ecce
1535 2298 1607 2324 enim
1626 2306 1730 2324 merces
1743 2300 1834 2324 vestra
1849 2299 1938 2324 multa

287 2351 327 2375 est
346 2349 375 2374 in
395 2349 482 2377 caelo:
508 2349 564 2374 ΙοΙι.
583 2357 618 2374 er.
638 2353 674 2380 14,
691 2352 706 2374 :2
731 2349 759 2374 in
779 2349 860 2374 domo
880 2349 967 2382 patris
991 2350 1042 2376 mei
1064 2350 1221 2375 mansiones
1243 2350 1348 2376 multae
1368 2352 1440 2376 sunt.
1537 2351 1588 2376 540
1605 2358 1656 2382 sqq.
1676 2350 1774 2376 Mami.
1793 2354 1816 2382 5,
1834 2353 1936 2376 3—12:

285 2405 300 2427 3
320 2401 398 2427 Beati
419 2408 553 2434 pauperes
572 2400 683 2434 spiritu,
709 2400 840 2433 quoniam
859 2401 981 2434 ipsorum
1001 2404 1043 2428 est
1062 2411 1177 2436 regnum
1197 2403 1343 2429 caelorum.
1380 2407 1395 2428 4
1415 2403 1493 2428 Beati
1514 2403 1607 2435 mites,
1627 2402 1759 2436 quoniam
1778 2402 1831 2436 ipsi
1851 2402 1937 2436 possi-

286 2453 393 2478 debunt
417 2454 527 2478 terram.
563 2456 578 2478 5
597 2452 674 2477 Beati
702 2452 749 2485 qui
773 2453 883 2485 lugent,
912 2454 1043 2486 quoniam
1071 2454 1124 2488 ipsi
1153 2454 1378 2480 consolabuntur.
1415 2458 1431 2480 6
1449 2454 1528 2480 Beati
1558 2454 1605 2487 qui
1631 2454 1756 2480 esuriunt
1784 2456 1812 2480 et
1837 2454 1938 2480 sitiunt

286 2504 431 2535 iustitiam,
452 2504 583 2537 quoniam
603 2504 655 2537 ipsi
675 2504 883 2531 saturabuntur.
922 2509 936 2530 7
952 2505 1031 2531 Beati
1051 2506 1248 2538 misericordes,
1268 2506 1400 2539 quoniam
1419 2506 1472 2540 ipsi
1492 2506 1707 2532 misericordiam
1727 2507 1937 2538 consequentur.

288 2561 304 2583 8
324 2557 402 2583 Beati
421 2557 524 2582 mundo
545 2556 636 2589 corde,
661 2557 791 2590 quoniam
818 2557 870 2590 ipsi
894 2557 974 2583 deum
1000 2558 1143 2584 videbunt.
1183 2562 1197 2584 9
1218 2558 1296 2584 Beati
1316 2558 1437 2592 pacifici,
1461 2558 1593 2591 quoniam
1616 2558 1667 2583 filii
1691 2557 1735 2584 dei
1754 2558 1935 2584 vocabuntur.

286 2613 318 2635 10
342 2609 420 2635 Beati
449 2609 496 2642 qui
525 2609 744 2642 persecutionem
773 2608 921 2642 patiuntur
947 2611 1061 2642 propter
1089 2610 1238 2642 iustitiam,
1267 2610 1399 2643 quoniam
1428 2610 1549 2643 ipsorum
1578 2611 1619 2635 est
1643 2617 1760 2643 regnum
1788 2609 1938 2636 caelorum.

287 2666 314 2687 11
334 2661 412 2687 Beati
433 2661 506 2691 estis,
527 2670 587 2686 cum
608 2661 804 2686 maledixerint
823 2661 901 2687 vobis
921 2662 948 2687 et
967 2662 1104 2694 persecuti
1124 2670 1172 2688 vos
1190 2662 1293 2687 suerint
1312 2664 1340 2687 et
1360 2661 1481 2687 dixerint
1499 2669 1580 2687 omne
1599 2661 1701 2687 malum
1722 2661 1867 2687 adversum
1887 2669 1935 2687 vos

285 2713 452 2739 mentientes
475 2715 588 2746 propter
612 2722 668 2743 me;
698 2718 727 2738 12
750 2712 869 2738 aaudete
893 2714 920 2738 et
944 2713 1079 2743 exultate,
1109 2714 1240 2746 quoniam
1264 2722 1367 2740 merces
1393 2715 1483 2740 vestra
1509 2713 1621 2747 copiosa
1647 2715 1688 2739 est
1713 2713 1741 2738 in
1766 2713 1850 2739 caelis

286 2767 335 2792 5:36
355 2766 531 2799 anuierque:
553 2765 611 2790 ‘das
629 2765 858 2798 Versblytwerclen'.
